%YAML 1.1
%TAG !u! tag:unity3d.com,2011:
--- !u!1001 &100100000
Prefab:
  m_ObjectHideFlags: 1
  serializedVersion: 2
  m_Modification:
    m_TransformParent: {fileID: 0}
    m_Modifications: []
    m_RemovedComponents: []
  m_ParentPrefab: {fileID: 0}
  m_RootGameObject: {fileID: 1435822802973742}
  m_IsPrefabParent: 1
--- !u!1 &1024961431348996
GameObject:
  m_ObjectHideFlags: 0
  m_PrefabParentObject: {fileID: 0}
  m_PrefabInternal: {fileID: 100100000}
  serializedVersion: 5
  m_Component:
  - component: {fileID: 4422479320165088}
  - component: {fileID: 137669075009743740}
  m_Layer: 13
  m_Name: SMDImport01
  m_TagString: Untagged
  m_Icon: {fileID: 0}
  m_NavMeshLayer: 0
  m_StaticEditorFlags: 0
  m_IsActive: 1
--- !u!1 &1034059835935568
GameObject:
  m_ObjectHideFlags: 1
  m_PrefabParentObject: {fileID: 0}
  m_PrefabInternal: {fileID: 100100000}
  serializedVersion: 5
  m_Component:
  - component: {fileID: 4765835148050804}
  m_Layer: 13
  m_Name: v_weapon.Left_Index03
  m_TagString: Untagged
  m_Icon: {fileID: 0}
  m_NavMeshLayer: 0
  m_StaticEditorFlags: 0
  m_IsActive: 1
--- !u!1 &1062753923217070
GameObject:
  m_ObjectHideFlags: 1
  m_PrefabParentObject: {fileID: 0}
  m_PrefabInternal: {fileID: 100100000}
  serializedVersion: 5
  m_Component:
  - component: {fileID: 4493318643464158}
  m_Layer: 13
  m_Name: v_weapon.R_wrist_helper
  m_TagString: Untagged
  m_Icon: {fileID: 0}
  m_NavMeshLayer: 0
  m_StaticEditorFlags: 0
  m_IsActive: 1
--- !u!1 &1062850978655848
GameObject:
  m_ObjectHideFlags: 1
  m_PrefabParentObject: {fileID: 0}
  m_PrefabInternal: {fileID: 100100000}
  serializedVersion: 5
  m_Component:
  - component: {fileID: 4377946362961690}
  - component: {fileID: 15337108803074068}
  - component: {fileID: 12929187045135278}
  - component: {fileID: 26369403866786702}
  m_Layer: 13
  m_Name: fumaca
  m_TagString: Untagged
  m_Icon: {fileID: 0}
  m_NavMeshLayer: 0
  m_StaticEditorFlags: 0
  m_IsActive: 1
--- !u!1 &1074460344859772
GameObject:
  m_ObjectHideFlags: 1
  m_PrefabParentObject: {fileID: 0}
  m_PrefabInternal: {fileID: 100100000}
  serializedVersion: 5
  m_Component:
  - component: {fileID: 4036390102773480}
  m_Layer: 13
  m_Name: v_weapon.Left_Ring03
  m_TagString: Untagged
  m_Icon: {fileID: 0}
  m_NavMeshLayer: 0
  m_StaticEditorFlags: 0
  m_IsActive: 1
--- !u!1 &1101252908855284
GameObject:
  m_ObjectHideFlags: 1
  m_PrefabParentObject: {fileID: 0}
  m_PrefabInternal: {fileID: 100100000}
  serializedVersion: 5
  m_Component:
  - component: {fileID: 4799054938592348}
  m_Layer: 13
  m_Name: v_weapon.Right_Index01
  m_TagString: Untagged
  m_Icon: {fileID: 0}
  m_NavMeshLayer: 0
  m_StaticEditorFlags: 0
  m_IsActive: 1
--- !u!1 &1105325256527764
GameObject:
  m_ObjectHideFlags: 1
  m_PrefabParentObject: {fileID: 0}
  m_PrefabInternal: {fileID: 100100000}
  serializedVersion: 5
  m_Component:
  - component: {fileID: 4930525061620226}
  m_Layer: 13
  m_Name: v_weapon.Root23
  m_TagString: Untagged
  m_Icon: {fileID: 0}
  m_NavMeshLayer: 0
  m_StaticEditorFlags: 0
  m_IsActive: 1
--- !u!1 &1157334417684740
GameObject:
  m_ObjectHideFlags: 1
  m_PrefabParentObject: {fileID: 0}
  m_PrefabInternal: {fileID: 100100000}
  serializedVersion: 5
  m_Component:
  - component: {fileID: 4435434437424226}
  m_Layer: 13
  m_Name: v_weapon.Root28
  m_TagString: Untagged
  m_Icon: {fileID: 0}
  m_NavMeshLayer: 0
  m_StaticEditorFlags: 0
  m_IsActive: 1
--- !u!1 &1171835449682932
GameObject:
  m_ObjectHideFlags: 1
  m_PrefabParentObject: {fileID: 0}
  m_PrefabInternal: {fileID: 100100000}
  serializedVersion: 5
  m_Component:
  - component: {fileID: 4844372476573102}
  m_Layer: 13
  m_Name: v_weapon.Left_Pinky03
  m_TagString: Untagged
  m_Icon: {fileID: 0}
  m_NavMeshLayer: 0
  m_StaticEditorFlags: 0
  m_IsActive: 1
--- !u!1 &1174410769493418
GameObject:
  m_ObjectHideFlags: 1
  m_PrefabParentObject: {fileID: 0}
  m_PrefabInternal: {fileID: 100100000}
  serializedVersion: 5
  m_Component:
  - component: {fileID: 4693979758292810}
  m_Layer: 13
  m_Name: v_weapon.Right_Arm
  m_TagString: Untagged
  m_Icon: {fileID: 0}
  m_NavMeshLayer: 0
  m_StaticEditorFlags: 0
  m_IsActive: 1
--- !u!1 &1174860101996042
GameObject:
  m_ObjectHideFlags: 1
  m_PrefabParentObject: {fileID: 0}
  m_PrefabInternal: {fileID: 100100000}
  serializedVersion: 5
  m_Component:
  - component: {fileID: 4332065029209010}
  m_Layer: 13
  m_Name: v_weapon.AK47_Bolt
  m_TagString: Untagged
  m_Icon: {fileID: 0}
  m_NavMeshLayer: 0
  m_StaticEditorFlags: 0
  m_IsActive: 1
--- !u!1 &1176439350240376
GameObject:
  m_ObjectHideFlags: 1
  m_PrefabParentObject: {fileID: 0}
  m_PrefabInternal: {fileID: 100100000}
  serializedVersion: 5
  m_Component:
  - component: {fileID: 4554757162240190}
  - component: {fileID: 108227441023714004}
  m_Layer: 13
  m_Name: Point light
  m_TagString: Untagged
  m_Icon: {fileID: 0}
  m_NavMeshLayer: 0
  m_StaticEditorFlags: 0
  m_IsActive: 1
--- !u!1 &1183337311588462
GameObject:
  m_ObjectHideFlags: 1
  m_PrefabParentObject: {fileID: 0}
  m_PrefabInternal: {fileID: 100100000}
  serializedVersion: 5
  m_Component:
  - component: {fileID: 4908793288227682}
  m_Layer: 13
  m_Name: v_weapon.Right_Thumb03
  m_TagString: Untagged
  m_Icon: {fileID: 0}
  m_NavMeshLayer: 0
  m_StaticEditorFlags: 0
  m_IsActive: 1
--- !u!1 &1192742030550906
GameObject:
  m_ObjectHideFlags: 1
  m_PrefabParentObject: {fileID: 0}
  m_PrefabInternal: {fileID: 100100000}
  serializedVersion: 5
  m_Component:
  - component: {fileID: 4570319075258508}
  m_Layer: 13
  m_Name: v_weapon.Left_Index01
  m_TagString: Untagged
  m_Icon: {fileID: 0}
  m_NavMeshLayer: 0
  m_StaticEditorFlags: 0
  m_IsActive: 1
--- !u!1 &1226849518989974
GameObject:
  m_ObjectHideFlags: 1
  m_PrefabParentObject: {fileID: 0}
  m_PrefabInternal: {fileID: 100100000}
  serializedVersion: 5
  m_Component:
  - component: {fileID: 4245982283874930}
  m_Layer: 13
  m_Name: v_weapon.Root19
  m_TagString: Untagged
  m_Icon: {fileID: 0}
  m_NavMeshLayer: 0
  m_StaticEditorFlags: 0
  m_IsActive: 1
--- !u!1 &1228340705815038
GameObject:
  m_ObjectHideFlags: 1
  m_PrefabParentObject: {fileID: 0}
  m_PrefabInternal: {fileID: 100100000}
  serializedVersion: 5
  m_Component:
  - component: {fileID: 4835955403022346}
  m_Layer: 13
  m_Name: v_weapon.AK47_Clip
  m_TagString: Untagged
  m_Icon: {fileID: 0}
  m_NavMeshLayer: 0
  m_StaticEditorFlags: 0
  m_IsActive: 1
--- !u!1 &1231349236720998
GameObject:
  m_ObjectHideFlags: 1
  m_PrefabParentObject: {fileID: 0}
  m_PrefabInternal: {fileID: 100100000}
  serializedVersion: 5
  m_Component:
  - component: {fileID: 4164044969507032}
  m_Layer: 13
  m_Name: v_weapon.Left_Hand
  m_TagString: Untagged
  m_Icon: {fileID: 0}
  m_NavMeshLayer: 0
  m_StaticEditorFlags: 0
  m_IsActive: 1
--- !u!1 &1281039663964660
GameObject:
  m_ObjectHideFlags: 1
  m_PrefabParentObject: {fileID: 0}
  m_PrefabInternal: {fileID: 100100000}
  serializedVersion: 5
  m_Component:
  - component: {fileID: 4367030613138610}
  m_Layer: 13
  m_Name: v_weapon.Right_Middle02
  m_TagString: Untagged
  m_Icon: {fileID: 0}
  m_NavMeshLayer: 0
  m_StaticEditorFlags: 0
  m_IsActive: 1
--- !u!1 &1284652769425426
GameObject:
  m_ObjectHideFlags: 1
  m_PrefabParentObject: {fileID: 0}
  m_PrefabInternal: {fileID: 100100000}
  serializedVersion: 5
  m_Component:
  - component: {fileID: 4598278684177830}
  m_Layer: 13
  m_Name: v_weapon.Root36
  m_TagString: Untagged
  m_Icon: {fileID: 0}
  m_NavMeshLayer: 0
  m_StaticEditorFlags: 0
  m_IsActive: 1
--- !u!1 &1292706696067160
GameObject:
  m_ObjectHideFlags: 1
  m_PrefabParentObject: {fileID: 0}
  m_PrefabInternal: {fileID: 100100000}
  serializedVersion: 5
  m_Component:
  - component: {fileID: 4342914512718796}
  m_Layer: 13
  m_Name: v_weapon.Root18
  m_TagString: Untagged
  m_Icon: {fileID: 0}
  m_NavMeshLayer: 0
  m_StaticEditorFlags: 0
  m_IsActive: 1
--- !u!1 &1310917271968824
GameObject:
  m_ObjectHideFlags: 1
  m_PrefabParentObject: {fileID: 0}
  m_PrefabInternal: {fileID: 100100000}
  serializedVersion: 5
  m_Component:
  - component: {fileID: 4746479612166778}
  m_Layer: 13
  m_Name: v_weapon.Right_Pinky01
  m_TagString: Untagged
  m_Icon: {fileID: 0}
  m_NavMeshLayer: 0
  m_StaticEditorFlags: 0
  m_IsActive: 1
--- !u!1 &1311731396181698
GameObject:
  m_ObjectHideFlags: 1
  m_PrefabParentObject: {fileID: 0}
  m_PrefabInternal: {fileID: 100100000}
  serializedVersion: 5
  m_Component:
  - component: {fileID: 4658768163020514}
  m_Layer: 13
  m_Name: v_weapon.Right_Index02
  m_TagString: Untagged
  m_Icon: {fileID: 0}
  m_NavMeshLayer: 0
  m_StaticEditorFlags: 0
  m_IsActive: 1
--- !u!1 &1321766090028408
GameObject:
  m_ObjectHideFlags: 1
  m_PrefabParentObject: {fileID: 0}
  m_PrefabInternal: {fileID: 100100000}
  serializedVersion: 5
  m_Component:
  - component: {fileID: 4099036186681738}
  m_Layer: 13
  m_Name: v_weapon.Left_Thumb01
  m_TagString: Untagged
  m_Icon: {fileID: 0}
  m_NavMeshLayer: 0
  m_StaticEditorFlags: 0
  m_IsActive: 1
--- !u!1 &1324771743563494
GameObject:
  m_ObjectHideFlags: 1
  m_PrefabParentObject: {fileID: 0}
  m_PrefabInternal: {fileID: 100100000}
  serializedVersion: 5
  m_Component:
  - component: {fileID: 4824213497837132}
  m_Layer: 13
  m_Name: v_weapon.Root26
  m_TagString: Untagged
  m_Icon: {fileID: 0}
  m_NavMeshLayer: 0
  m_StaticEditorFlags: 0
  m_IsActive: 1
--- !u!1 &1328311998901200
GameObject:
  m_ObjectHideFlags: 0
  m_PrefabParentObject: {fileID: 0}
  m_PrefabInternal: {fileID: 100100000}
  serializedVersion: 5
  m_Component:
  - component: {fileID: 4453012353938386}
  m_Layer: 13
  m_Name: v_weapon.AK47_Parent
  m_TagString: Untagged
  m_Icon: {fileID: 0}
  m_NavMeshLayer: 0
  m_StaticEditorFlags: 0
  m_IsActive: 1
--- !u!1 &1332885705181432
GameObject:
  m_ObjectHideFlags: 1
  m_PrefabParentObject: {fileID: 0}
  m_PrefabInternal: {fileID: 100100000}
  serializedVersion: 5
  m_Component:
  - component: {fileID: 4807420751298266}
  m_Layer: 13
  m_Name: v_weapon.Left_Middle02
  m_TagString: Untagged
  m_Icon: {fileID: 0}
  m_NavMeshLayer: 0
  m_StaticEditorFlags: 0
  m_IsActive: 1
--- !u!1 &1348126403080112
GameObject:
  m_ObjectHideFlags: 1
  m_PrefabParentObject: {fileID: 0}
  m_PrefabInternal: {fileID: 100100000}
  serializedVersion: 5
  m_Component:
  - component: {fileID: 4500791546996404}
  m_Layer: 13
  m_Name: v_weapon.Right_Middle01
  m_TagString: Untagged
  m_Icon: {fileID: 0}
  m_NavMeshLayer: 0
  m_StaticEditorFlags: 0
  m_IsActive: 1
--- !u!1 &1349887837850436
GameObject:
  m_ObjectHideFlags: 1
  m_PrefabParentObject: {fileID: 0}
  m_PrefabInternal: {fileID: 100100000}
  serializedVersion: 5
  m_Component:
  - component: {fileID: 4763157443302906}
  m_Layer: 13
  m_Name: v_weapon.Right_Thumb02
  m_TagString: Untagged
  m_Icon: {fileID: 0}
  m_NavMeshLayer: 0
  m_StaticEditorFlags: 0
  m_IsActive: 1
--- !u!1 &1356078255055534
GameObject:
  m_ObjectHideFlags: 1
  m_PrefabParentObject: {fileID: 0}
  m_PrefabInternal: {fileID: 100100000}
  serializedVersion: 5
  m_Component:
  - component: {fileID: 4759342002463184}
  m_Layer: 13
  m_Name: v_weapon.L_wrist_helper
  m_TagString: Untagged
  m_Icon: {fileID: 0}
  m_NavMeshLayer: 0
  m_StaticEditorFlags: 0
  m_IsActive: 1
--- !u!1 &1365356654853898
GameObject:
  m_ObjectHideFlags: 1
  m_PrefabParentObject: {fileID: 0}
  m_PrefabInternal: {fileID: 100100000}
  serializedVersion: 5
  m_Component:
  - component: {fileID: 4420044766494920}
  m_Layer: 13
  m_Name: v_weapon.Left_Thumb03
  m_TagString: Untagged
  m_Icon: {fileID: 0}
  m_NavMeshLayer: 0
  m_StaticEditorFlags: 0
  m_IsActive: 1
--- !u!1 &1380280840778408
GameObject:
  m_ObjectHideFlags: 1
  m_PrefabParentObject: {fileID: 0}
  m_PrefabInternal: {fileID: 100100000}
  serializedVersion: 5
  m_Component:
  - component: {fileID: 4878504763780350}
  m_Layer: 13
  m_Name: v_weapon.Root98
  m_TagString: Untagged
  m_Icon: {fileID: 0}
  m_NavMeshLayer: 0
  m_StaticEditorFlags: 0
  m_IsActive: 1
--- !u!1 &1435822802973742
GameObject:
  m_ObjectHideFlags: 0
  m_PrefabParentObject: {fileID: 0}
  m_PrefabInternal: {fileID: 100100000}
  serializedVersion: 5
  m_Component:
  - component: {fileID: 4399936594330116}
  - component: {fileID: 114085475256757402}
  - component: {fileID: 95038178139038980}
  m_Layer: 13
  m_Name: AK47_hands
  m_TagString: Untagged
  m_Icon: {fileID: 0}
  m_NavMeshLayer: 0
  m_StaticEditorFlags: 0
  m_IsActive: 1
--- !u!1 &1444538452650706
GameObject:
  m_ObjectHideFlags: 1
  m_PrefabParentObject: {fileID: 0}
  m_PrefabInternal: {fileID: 100100000}
  serializedVersion: 5
  m_Component:
  - component: {fileID: 4266251602066938}
  m_Layer: 13
  m_Name: v_weapon.Right_Ring02
  m_TagString: Untagged
  m_Icon: {fileID: 0}
  m_NavMeshLayer: 0
  m_StaticEditorFlags: 0
  m_IsActive: 1
--- !u!1 &1444604091854100
GameObject:
  m_ObjectHideFlags: 1
  m_PrefabParentObject: {fileID: 0}
  m_PrefabInternal: {fileID: 100100000}
  serializedVersion: 5
  m_Component:
  - component: {fileID: 4693286366995606}
  m_Layer: 13
  m_Name: v_weapon.Root99
  m_TagString: Untagged
  m_Icon: {fileID: 0}
  m_NavMeshLayer: 0
  m_StaticEditorFlags: 0
  m_IsActive: 1
--- !u!1 &1451967262570934
GameObject:
  m_ObjectHideFlags: 1
  m_PrefabParentObject: {fileID: 0}
  m_PrefabInternal: {fileID: 100100000}
  serializedVersion: 5
  m_Component:
  - component: {fileID: 4220740966917284}
  m_Layer: 13
  m_Name: v_weapon.Right_Ring01
  m_TagString: Untagged
  m_Icon: {fileID: 0}
  m_NavMeshLayer: 0
  m_StaticEditorFlags: 0
  m_IsActive: 1
--- !u!1 &1471603090599566
GameObject:
  m_ObjectHideFlags: 1
  m_PrefabParentObject: {fileID: 0}
  m_PrefabInternal: {fileID: 100100000}
  serializedVersion: 5
  m_Component:
  - component: {fileID: 4471532113950640}
  m_Layer: 13
  m_Name: v_weapon.AK47_Trigger
  m_TagString: Untagged
  m_Icon: {fileID: 0}
  m_NavMeshLayer: 0
  m_StaticEditorFlags: 0
  m_IsActive: 1
--- !u!1 &1486093941599142
GameObject:
  m_ObjectHideFlags: 1
  m_PrefabParentObject: {fileID: 0}
  m_PrefabInternal: {fileID: 100100000}
  serializedVersion: 5
  m_Component:
  - component: {fileID: 4735974728930660}
  m_Layer: 13
  m_Name: v_weapon.Right_Hand
  m_TagString: Untagged
  m_Icon: {fileID: 0}
  m_NavMeshLayer: 0
  m_StaticEditorFlags: 0
  m_IsActive: 1
--- !u!1 &1487648601134312
GameObject:
  m_ObjectHideFlags: 1
  m_PrefabParentObject: {fileID: 0}
  m_PrefabInternal: {fileID: 100100000}
  serializedVersion: 5
  m_Component:
  - component: {fileID: 4973419752728684}
  m_Layer: 13
  m_Name: v_weapon.Root27
  m_TagString: Untagged
  m_Icon: {fileID: 0}
  m_NavMeshLayer: 0
  m_StaticEditorFlags: 0
  m_IsActive: 1
--- !u!1 &1510522036751782
GameObject:
  m_ObjectHideFlags: 1
  m_PrefabParentObject: {fileID: 0}
  m_PrefabInternal: {fileID: 100100000}
  serializedVersion: 5
  m_Component:
  - component: {fileID: 4946428386680266}
  m_Layer: 13
  m_Name: v_weapon.Left_Ring01
  m_TagString: Untagged
  m_Icon: {fileID: 0}
  m_NavMeshLayer: 0
  m_StaticEditorFlags: 0
  m_IsActive: 1
--- !u!1 &1535775390965102
GameObject:
  m_ObjectHideFlags: 1
  m_PrefabParentObject: {fileID: 0}
  m_PrefabInternal: {fileID: 100100000}
  serializedVersion: 5
  m_Component:
  - component: {fileID: 4932113489426456}
  m_Layer: 13
  m_Name: v_weapon.Right_Thumb01
  m_TagString: Untagged
  m_Icon: {fileID: 0}
  m_NavMeshLayer: 0
  m_StaticEditorFlags: 0
  m_IsActive: 1
--- !u!1 &1559723082487892
GameObject:
  m_ObjectHideFlags: 1
  m_PrefabParentObject: {fileID: 0}
  m_PrefabInternal: {fileID: 100100000}
  serializedVersion: 5
  m_Component:
  - component: {fileID: 4181993984678994}
  m_Layer: 13
  m_Name: v_weapon.Right_Middle03
  m_TagString: Untagged
  m_Icon: {fileID: 0}
  m_NavMeshLayer: 0
  m_StaticEditorFlags: 0
  m_IsActive: 1
--- !u!1 &1570375721168570
GameObject:
  m_ObjectHideFlags: 1
  m_PrefabParentObject: {fileID: 0}
  m_PrefabInternal: {fileID: 100100000}
  serializedVersion: 5
  m_Component:
  - component: {fileID: 4029612923817290}
  m_Layer: 13
  m_Name: v_weapon.Left_Ring02
  m_TagString: Untagged
  m_Icon: {fileID: 0}
  m_NavMeshLayer: 0
  m_StaticEditorFlags: 0
  m_IsActive: 1
--- !u!1 &1584707919337698
GameObject:
  m_ObjectHideFlags: 1
  m_PrefabParentObject: {fileID: 0}
  m_PrefabInternal: {fileID: 100100000}
  serializedVersion: 5
  m_Component:
  - component: {fileID: 4362367178692978}
  m_Layer: 13
  m_Name: v_weapon.Right_Pinky02
  m_TagString: Untagged
  m_Icon: {fileID: 0}
  m_NavMeshLayer: 0
  m_StaticEditorFlags: 0
  m_IsActive: 1
--- !u!1 &1649897047007598
GameObject:
  m_ObjectHideFlags: 1
  m_PrefabParentObject: {fileID: 0}
  m_PrefabInternal: {fileID: 100100000}
  serializedVersion: 5
  m_Component:
  - component: {fileID: 4967730865188136}
  m_Layer: 13
  m_Name: v_weapon.Root20
  m_TagString: Untagged
  m_Icon: {fileID: 0}
  m_NavMeshLayer: 0
  m_StaticEditorFlags: 0
  m_IsActive: 1
--- !u!1 &1654944487961766
GameObject:
  m_ObjectHideFlags: 1
  m_PrefabParentObject: {fileID: 0}
  m_PrefabInternal: {fileID: 100100000}
  serializedVersion: 5
  m_Component:
  - component: {fileID: 4345815086535698}
  m_Layer: 13
  m_Name: v_weapon.eff18
  m_TagString: Untagged
  m_Icon: {fileID: 0}
  m_NavMeshLayer: 0
  m_StaticEditorFlags: 0
  m_IsActive: 1
--- !u!1 &1657256851493796
GameObject:
  m_ObjectHideFlags: 0
  m_PrefabParentObject: {fileID: 0}
  m_PrefabInternal: {fileID: 100100000}
  serializedVersion: 5
  m_Component:
  - component: {fileID: 4670000932363616}
  m_Layer: 13
  m_Name: v_weapon
  m_TagString: Untagged
  m_Icon: {fileID: 0}
  m_NavMeshLayer: 0
  m_StaticEditorFlags: 0
  m_IsActive: 1
--- !u!1 &1664959357537820
GameObject:
  m_ObjectHideFlags: 1
  m_PrefabParentObject: {fileID: 0}
  m_PrefabInternal: {fileID: 100100000}
  serializedVersion: 5
  m_Component:
  - component: {fileID: 4111100947479276}
  m_Layer: 13
  m_Name: v_weapon.Root24
  m_TagString: Untagged
  m_Icon: {fileID: 0}
  m_NavMeshLayer: 0
  m_StaticEditorFlags: 0
  m_IsActive: 1
--- !u!1 &1703692426774932
GameObject:
  m_ObjectHideFlags: 0
  m_PrefabParentObject: {fileID: 0}
  m_PrefabInternal: {fileID: 100100000}
  serializedVersion: 5
  m_Component:
  - component: {fileID: 4340247377600216}
  - component: {fileID: 15639786862988666}
  - component: {fileID: 12649752845199580}
  - component: {fileID: 26274151414120932}
  - component: {fileID: 76123741357540354}
  m_Layer: 13
  m_Name: capsulas
  m_TagString: Untagged
  m_Icon: {fileID: 0}
  m_NavMeshLayer: 0
  m_StaticEditorFlags: 0
  m_IsActive: 1
--- !u!1 &1756450440236176
GameObject:
  m_ObjectHideFlags: 0
  m_PrefabParentObject: {fileID: 0}
  m_PrefabInternal: {fileID: 100100000}
  serializedVersion: 5
  m_Component:
  - component: {fileID: 4814872886578096}
  - component: {fileID: 33351427181905998}
  - component: {fileID: 64241753889510152}
  - component: {fileID: 23955381299764280}
  m_Layer: 13
  m_Name: Muzzle
  m_TagString: Untagged
  m_Icon: {fileID: 0}
  m_NavMeshLayer: 0
  m_StaticEditorFlags: 0
  m_IsActive: 1
--- !u!1 &1757780093611826
GameObject:
  m_ObjectHideFlags: 1
  m_PrefabParentObject: {fileID: 0}
  m_PrefabInternal: {fileID: 100100000}
  serializedVersion: 5
  m_Component:
  - component: {fileID: 4617652038036882}
  m_Layer: 13
  m_Name: v_weapon.Root17
  m_TagString: Untagged
  m_Icon: {fileID: 0}
  m_NavMeshLayer: 0
  m_StaticEditorFlags: 0
  m_IsActive: 1
--- !u!1 &1759536943415428
GameObject:
  m_ObjectHideFlags: 1
  m_PrefabParentObject: {fileID: 0}
  m_PrefabInternal: {fileID: 100100000}
  serializedVersion: 5
  m_Component:
  - component: {fileID: 4171649944019648}
  m_Layer: 13
  m_Name: v_weapon.Root21
  m_TagString: Untagged
  m_Icon: {fileID: 0}
  m_NavMeshLayer: 0
  m_StaticEditorFlags: 0
  m_IsActive: 1
--- !u!1 &1776225599290496
GameObject:
  m_ObjectHideFlags: 1
  m_PrefabParentObject: {fileID: 0}
  m_PrefabInternal: {fileID: 100100000}
  serializedVersion: 5
  m_Component:
  - component: {fileID: 4587206435487148}
  m_Layer: 13
  m_Name: v_weapon.Root34
  m_TagString: Untagged
  m_Icon: {fileID: 0}
  m_NavMeshLayer: 0
  m_StaticEditorFlags: 0
  m_IsActive: 1
--- !u!1 &1779572649221388
GameObject:
  m_ObjectHideFlags: 1
  m_PrefabParentObject: {fileID: 0}
  m_PrefabInternal: {fileID: 100100000}
  serializedVersion: 5
  m_Component:
  - component: {fileID: 4992439449234280}
  m_Layer: 13
  m_Name: v_weapon.Root16
  m_TagString: Untagged
  m_Icon: {fileID: 0}
  m_NavMeshLayer: 0
  m_StaticEditorFlags: 0
  m_IsActive: 1
--- !u!1 &1785456295487820
GameObject:
  m_ObjectHideFlags: 0
  m_PrefabParentObject: {fileID: 0}
  m_PrefabInternal: {fileID: 100100000}
  serializedVersion: 5
  m_Component:
  - component: {fileID: 4367542318027224}
  - component: {fileID: 137507524119765232}
  m_Layer: 13
  m_Name: SMDImport
  m_TagString: Untagged
  m_Icon: {fileID: 0}
  m_NavMeshLayer: 0
  m_StaticEditorFlags: 0
  m_IsActive: 1
--- !u!1 &1789960906732644
GameObject:
  m_ObjectHideFlags: 1
  m_PrefabParentObject: {fileID: 0}
  m_PrefabInternal: {fileID: 100100000}
  serializedVersion: 5
  m_Component:
  - component: {fileID: 4636431258749208}
  m_Layer: 13
  m_Name: v_weapon.eff2
  m_TagString: Untagged
  m_Icon: {fileID: 0}
  m_NavMeshLayer: 0
  m_StaticEditorFlags: 0
  m_IsActive: 1
--- !u!1 &1792745290520690
GameObject:
  m_ObjectHideFlags: 0
  m_PrefabParentObject: {fileID: 0}
  m_PrefabInternal: {fileID: 100100000}
  serializedVersion: 5
  m_Component:
  - component: {fileID: 4299678942016296}
  m_Layer: 13
  m_Name: codGunPivot
  m_TagString: Untagged
  m_Icon: {fileID: 0}
  m_NavMeshLayer: 0
  m_StaticEditorFlags: 0
  m_IsActive: 1
--- !u!1 &1819664738603842
GameObject:
  m_ObjectHideFlags: 1
  m_PrefabParentObject: {fileID: 0}
  m_PrefabInternal: {fileID: 100100000}
  serializedVersion: 5
  m_Component:
  - component: {fileID: 4853654310781296}
  m_Layer: 13
  m_Name: v_weapon.Left_Arm
  m_TagString: Untagged
  m_Icon: {fileID: 0}
  m_NavMeshLayer: 0
  m_StaticEditorFlags: 0
  m_IsActive: 1
--- !u!1 &1837912744097434
GameObject:
  m_ObjectHideFlags: 1
  m_PrefabParentObject: {fileID: 0}
  m_PrefabInternal: {fileID: 100100000}
  serializedVersion: 5
  m_Component:
  - component: {fileID: 4574127769601376}
  m_Layer: 13
  m_Name: v_weapon.Left_Thumb_02
  m_TagString: Untagged
  m_Icon: {fileID: 0}
  m_NavMeshLayer: 0
  m_StaticEditorFlags: 0
  m_IsActive: 1
--- !u!1 &1846451449775102
GameObject:
  m_ObjectHideFlags: 1
  m_PrefabParentObject: {fileID: 0}
  m_PrefabInternal: {fileID: 100100000}
  serializedVersion: 5
  m_Component:
  - component: {fileID: 4137662517700006}
  m_Layer: 13
  m_Name: v_weapon.Root25
  m_TagString: Untagged
  m_Icon: {fileID: 0}
  m_NavMeshLayer: 0
  m_StaticEditorFlags: 0
  m_IsActive: 1
--- !u!1 &1848185962221406
GameObject:
  m_ObjectHideFlags: 1
  m_PrefabParentObject: {fileID: 0}
  m_PrefabInternal: {fileID: 100100000}
  serializedVersion: 5
  m_Component:
  - component: {fileID: 4298856560171172}
  m_Layer: 13
  m_Name: v_weapon.eff9
  m_TagString: Untagged
  m_Icon: {fileID: 0}
  m_NavMeshLayer: 0
  m_StaticEditorFlags: 0
  m_IsActive: 1
--- !u!1 &1884154976203220
GameObject:
  m_ObjectHideFlags: 1
  m_PrefabParentObject: {fileID: 0}
  m_PrefabInternal: {fileID: 100100000}
  serializedVersion: 5
  m_Component:
  - component: {fileID: 4492596408542354}
  m_Layer: 13
  m_Name: v_weapon.Right_Index03
  m_TagString: Untagged
  m_Icon: {fileID: 0}
  m_NavMeshLayer: 0
  m_StaticEditorFlags: 0
  m_IsActive: 1
--- !u!1 &1886554204531140
GameObject:
  m_ObjectHideFlags: 1
  m_PrefabParentObject: {fileID: 0}
  m_PrefabInternal: {fileID: 100100000}
  serializedVersion: 5
  m_Component:
  - component: {fileID: 4800336326914282}
  m_Layer: 13
  m_Name: v_weapon.Left_Middle03
  m_TagString: Untagged
  m_Icon: {fileID: 0}
  m_NavMeshLayer: 0
  m_StaticEditorFlags: 0
  m_IsActive: 1
--- !u!1 &1901726483006694
GameObject:
  m_ObjectHideFlags: 1
  m_PrefabParentObject: {fileID: 0}
  m_PrefabInternal: {fileID: 100100000}
  serializedVersion: 5
  m_Component:
  - component: {fileID: 4164436843525120}
  m_Layer: 13
  m_Name: v_weapon.Right_Pinky03
  m_TagString: Untagged
  m_Icon: {fileID: 0}
  m_NavMeshLayer: 0
  m_StaticEditorFlags: 0
  m_IsActive: 1
--- !u!1 &1920197074115618
GameObject:
  m_ObjectHideFlags: 1
  m_PrefabParentObject: {fileID: 0}
  m_PrefabInternal: {fileID: 100100000}
  serializedVersion: 5
  m_Component:
  - component: {fileID: 4656695953823722}
  m_Layer: 13
  m_Name: v_weapon.Right_Ring03
  m_TagString: Untagged
  m_Icon: {fileID: 0}
  m_NavMeshLayer: 0
  m_StaticEditorFlags: 0
  m_IsActive: 1
--- !u!1 &1931937672656348
GameObject:
  m_ObjectHideFlags: 1
  m_PrefabParentObject: {fileID: 0}
  m_PrefabInternal: {fileID: 100100000}
  serializedVersion: 5
  m_Component:
  - component: {fileID: 4266499178006342}
  m_Layer: 13
  m_Name: v_weapon.AK47_ClipRelease
  m_TagString: Untagged
  m_Icon: {fileID: 0}
  m_NavMeshLayer: 0
  m_StaticEditorFlags: 0
  m_IsActive: 1
--- !u!1 &1932270233278330
GameObject:
  m_ObjectHideFlags: 1
  m_PrefabParentObject: {fileID: 0}
  m_PrefabInternal: {fileID: 100100000}
  serializedVersion: 5
  m_Component:
  - component: {fileID: 4597420350373864}
  m_Layer: 13
  m_Name: v_weapon.eff16
  m_TagString: Untagged
  m_Icon: {fileID: 0}
  m_NavMeshLayer: 0
  m_StaticEditorFlags: 0
  m_IsActive: 1
--- !u!1 &1959957014586878
GameObject:
  m_ObjectHideFlags: 1
  m_PrefabParentObject: {fileID: 0}
  m_PrefabInternal: {fileID: 100100000}
  serializedVersion: 5
  m_Component:
  - component: {fileID: 4852163922679474}
  m_Layer: 13
  m_Name: v_weapon.Left_Pinky01
  m_TagString: Untagged
  m_Icon: {fileID: 0}
  m_NavMeshLayer: 0
  m_StaticEditorFlags: 0
  m_IsActive: 1
--- !u!1 &1964432127197622
GameObject:
  m_ObjectHideFlags: 0
  m_PrefabParentObject: {fileID: 0}
  m_PrefabInternal: {fileID: 100100000}
  serializedVersion: 5
  m_Component:
  - component: {fileID: 4297170608503900}
  m_Layer: 13
  m_Name: v_weapon.Hands_parent
  m_TagString: Untagged
  m_Icon: {fileID: 0}
  m_NavMeshLayer: 0
  m_StaticEditorFlags: 0
  m_IsActive: 1
--- !u!1 &1969714593298832
GameObject:
  m_ObjectHideFlags: 1
  m_PrefabParentObject: {fileID: 0}
  m_PrefabInternal: {fileID: 100100000}
  serializedVersion: 5
  m_Component:
  - component: {fileID: 4673567723880740}
  m_Layer: 13
  m_Name: v_weapon.Left_Index02
  m_TagString: Untagged
  m_Icon: {fileID: 0}
  m_NavMeshLayer: 0
  m_StaticEditorFlags: 0
  m_IsActive: 1
--- !u!1 &1974585282934728
GameObject:
  m_ObjectHideFlags: 1
  m_PrefabParentObject: {fileID: 0}
  m_PrefabInternal: {fileID: 100100000}
  serializedVersion: 5
  m_Component:
  - component: {fileID: 4100445988114528}
  m_Layer: 13
  m_Name: v_weapon.Left_Pinky02
  m_TagString: Untagged
  m_Icon: {fileID: 0}
  m_NavMeshLayer: 0
  m_StaticEditorFlags: 0
  m_IsActive: 1
--- !u!1 &1985862674132350
GameObject:
  m_ObjectHideFlags: 1
  m_PrefabParentObject: {fileID: 0}
  m_PrefabInternal: {fileID: 100100000}
  serializedVersion: 5
  m_Component:
  - component: {fileID: 4600131807207440}
  m_Layer: 13
  m_Name: v_weapon.Left_Middle01
  m_TagString: Untagged
  m_Icon: {fileID: 0}
  m_NavMeshLayer: 0
  m_StaticEditorFlags: 0
  m_IsActive: 1
--- !u!4 &4029612923817290
Transform:
  m_ObjectHideFlags: 1
  m_PrefabParentObject: {fileID: 0}
  m_PrefabInternal: {fileID: 100100000}
  m_GameObject: {fileID: 1570375721168570}
  m_LocalRotation: {x: -0.03152228, y: -0.052182153, z: -0.5161424, w: 0.85433036}
  m_LocalPosition: {x: -0.030689124, y: 0, z: 0}
  m_LocalScale: {x: 1, y: 1.0000001, z: 1.0000001}
  m_Children:
  - {fileID: 4036390102773480}
  m_Father: {fileID: 4946428386680266}
  m_RootOrder: 0
  m_LocalEulerAnglesHint: {x: -6.1843452, y: -3.2649364, z: -62.099995}
--- !u!4 &4036390102773480
Transform:
  m_ObjectHideFlags: 1
  m_PrefabParentObject: {fileID: 0}
  m_PrefabInternal: {fileID: 100100000}
  m_GameObject: {fileID: 1074460344859772}
  m_LocalRotation: {x: -0.001616119, y: 0.010262206, z: -0.6223914, w: 0.78263724}
  m_LocalPosition: {x: -0.01938186, y: 0, z: 0}
  m_LocalScale: {x: 1, y: 1.0000001, z: 1.0000001}
  m_Children: []
  m_Father: {fileID: 4029612923817290}
  m_RootOrder: 0
  m_LocalEulerAnglesHint: {x: 0.58697957, y: 1.0357254, z: -76.98156}
--- !u!4 &4099036186681738
Transform:
  m_ObjectHideFlags: 1
  m_PrefabParentObject: {fileID: 0}
  m_PrefabInternal: {fileID: 100100000}
  m_GameObject: {fileID: 1321766090028408}
  m_LocalRotation: {x: 0.032393098, y: 0.14292489, z: -0.21866083, w: 0.9647335}
  m_LocalPosition: {x: -0, y: 0, z: 0}
  m_LocalScale: {x: 1, y: 0.9999999, z: 1}
  m_Children:
  - {fileID: 4574127769601376}
  m_Father: {fileID: 4617652038036882}
  m_RootOrder: 0
  m_LocalEulerAnglesHint: {x: 7.181077, y: 15.287988, z: -24.576103}
--- !u!4 &4100445988114528
Transform:
  m_ObjectHideFlags: 1
  m_PrefabParentObject: {fileID: 0}
  m_PrefabInternal: {fileID: 100100000}
  m_GameObject: {fileID: 1974585282934728}
  m_LocalRotation: {x: -0.014168467, y: -0.045391172, z: -0.29754516, w: 0.95352286}
  m_LocalPosition: {x: -0.024481876, y: 0, z: 0}
  m_LocalScale: {x: 0.9999999, y: 1.0000001, z: 1}
  m_Children:
  - {fileID: 4844372476573102}
  m_Father: {fileID: 4852163922679474}
  m_RootOrder: 0
  m_LocalEulerAnglesHint: {x: -3.0972984, y: -4.4877424, z: -34.53947}
--- !u!4 &4111100947479276
Transform:
  m_ObjectHideFlags: 1
  m_PrefabParentObject: {fileID: 0}
  m_PrefabInternal: {fileID: 100100000}
  m_GameObject: {fileID: 1664959357537820}
  m_LocalRotation: {x: 0.99057466, y: 0.02734079, z: 0.13037148, w: -0.03190189}
  m_LocalPosition: {x: 0.06753895, y: 0.008028725, z: -0.00798614}
  m_LocalScale: {x: 1.0000001, y: 0.99999994, z: 1}
  m_Children:
  - {fileID: 4932113489426456}
  m_Father: {fileID: 4298856560171172}
  m_RootOrder: 0
  m_LocalEulerAnglesHint: {x: -4.033017, y: 165.09734, z: 177.36565}
--- !u!4 &4137662517700006
Transform:
  m_ObjectHideFlags: 1
  m_PrefabParentObject: {fileID: 0}
  m_PrefabInternal: {fileID: 100100000}
  m_GameObject: {fileID: 1846451449775102}
  m_LocalRotation: {x: 0.7319207, y: -0.077986725, z: 0.109815724, w: 0.6679451}
  m_LocalPosition: {x: 0.0022671581, y: 0.01676103, z: 0.0017072601}
  m_LocalScale: {x: 1.0000001, y: 1, z: 0.99999994}
  m_Children:
  - {fileID: 4799054938592348}
  m_Father: {fileID: 4298856560171172}
  m_RootOrder: 1
  m_LocalEulerAnglesHint: {x: 84.20755, y: 145.90776, z: 161.18983}
--- !u!4 &4164044969507032
Transform:
  m_ObjectHideFlags: 1
  m_PrefabParentObject: {fileID: 0}
  m_PrefabInternal: {fileID: 100100000}
  m_GameObject: {fileID: 1231349236720998}
  m_LocalRotation: {x: 0.9160079, y: 0.011948547, z: 0.21650937, w: -0.33750644}
  m_LocalPosition: {x: -0.21750744, y: -0.000000012111664, z: 0}
  m_LocalScale: {x: 1.0000001, y: 0.99999994, z: 1.0000002}
  m_Children:
  - {fileID: 4636431258749208}
  m_Father: {fileID: 4853654310781296}
  m_RootOrder: 1
  m_LocalEulerAnglesHint: {x: -38.571518, y: 150.19714, z: -170.85516}
--- !u!4 &4164436843525120
Transform:
  m_ObjectHideFlags: 1
  m_PrefabParentObject: {fileID: 0}
  m_PrefabInternal: {fileID: 100100000}
  m_GameObject: {fileID: 1901726483006694}
  m_LocalRotation: {x: 0.0000000035983998, y: 9.641753e-10, z: 0.2588158, w: 0.9659267}
  m_LocalPosition: {x: -0.015613145, y: 0, z: 0.000000024223327}
  m_LocalScale: {x: 1.0000001, y: 1, z: 0.99999994}
  m_Children: []
  m_Father: {fileID: 4362367178692978}
  m_RootOrder: 0
  m_LocalEulerAnglesHint: {x: 0.0000008746942, y: -0.0000015150384, z: 29.999613}
--- !u!4 &4171649944019648
Transform:
  m_ObjectHideFlags: 1
  m_PrefabParentObject: {fileID: 0}
  m_PrefabInternal: {fileID: 100100000}
  m_GameObject: {fileID: 1759536943415428}
  m_LocalRotation: {x: -0.7475601, y: -0.08765444, z: -0.02791159, w: 0.657793}
  m_LocalPosition: {x: 0.002381589, y: -0.016706271, z: 0.0015970439}
  m_LocalScale: {x: 1.0000001, y: 1.0000001, z: 1.0000001}
  m_Children:
  - {fileID: 4570319075258508}
  m_Father: {fileID: 4636431258749208}
  m_RootOrder: 4
  m_LocalEulerAnglesHint: {x: -81.2542, y: -151.05598, z: 141.65395}
--- !u!4 &4181993984678994
Transform:
  m_ObjectHideFlags: 1
  m_PrefabParentObject: {fileID: 0}
  m_PrefabInternal: {fileID: 100100000}
  m_GameObject: {fileID: 1559723082487892}
  m_LocalRotation: {x: 0.0000000123872095, y: 0.0000000033771115, z: 0.26302907, w: 0.9647879}
  m_LocalPosition: {x: -0.02395813, y: -0.000000024223327, z: 0.000000024223327}
  m_LocalScale: {x: 1, y: 1, z: 1.0000001}
  m_Children: []
  m_Father: {fileID: 4367030613138610}
  m_RootOrder: 0
  m_LocalEulerAnglesHint: {x: 0, y: 0, z: 30.499744}
--- !u!4 &4220740966917284
Transform:
  m_ObjectHideFlags: 1
  m_PrefabParentObject: {fileID: 0}
  m_PrefabInternal: {fileID: 100100000}
  m_GameObject: {fileID: 1451967262570934}
  m_LocalRotation: {x: -0.00316884, y: 0.0032076726, z: 0.7020653, w: 0.7120983}
  m_LocalPosition: {x: -0, y: 0, z: 0}
  m_LocalScale: {x: 1.0000001, y: 1, z: 1}
  m_Children:
  - {fileID: 4266251602066938}
  m_Father: {fileID: 4973419752728684}
  m_RootOrder: 0
  m_LocalEulerAnglesHint: {x: -0.51596254, y: 0.006802797, z: 89.186966}
--- !u!4 &4245982283874930
Transform:
  m_ObjectHideFlags: 1
  m_PrefabParentObject: {fileID: 0}
  m_PrefabInternal: {fileID: 100100000}
  m_GameObject: {fileID: 1226849518989974}
  m_LocalRotation: {x: -0.73136467, y: -0.060541257, z: -0.05704221, w: 0.6768949}
  m_LocalPosition: {x: 0.0032168336, y: 0.015752805, z: -0.0009985461}
  m_LocalScale: {x: 1, y: 0.99999994, z: 1}
  m_Children:
  - {fileID: 4946428386680266}
  m_Father: {fileID: 4636431258749208}
  m_RootOrder: 2
  m_LocalEulerAnglesHint: {x: -85.576225, y: 178.90265, z: 171.55159}
--- !u!4 &4266251602066938
Transform:
  m_ObjectHideFlags: 1
  m_PrefabParentObject: {fileID: 0}
  m_PrefabInternal: {fileID: 100100000}
  m_GameObject: {fileID: 1444538452650706}
  m_LocalRotation: {x: -0.00055801275, y: 0.002570601, z: 0.21213359, w: 0.97723716}
  m_LocalPosition: {x: -0.030692652, y: 0, z: 0}
  m_LocalScale: {x: 1, y: 0.99999994, z: 1}
  m_Children:
  - {fileID: 4656695953823722}
  m_Father: {fileID: 4220740966917284}
  m_RootOrder: 0
  m_LocalEulerAnglesHint: {x: -0.12497611, y: 0.27430105, z: 24.494616}
--- !u!4 &4266499178006342
Transform:
  m_ObjectHideFlags: 1
  m_PrefabParentObject: {fileID: 0}
  m_PrefabInternal: {fileID: 100100000}
  m_GameObject: {fileID: 1931937672656348}
  m_LocalRotation: {x: 0, y: -0, z: -0, w: 1}
  m_LocalPosition: {x: -0.000000072669984, y: 0.035534203, z: 0.0668856}
  m_LocalScale: {x: 0.99999994, y: 0.99999994, z: 1}
  m_Children: []
  m_Father: {fileID: 4453012353938386}
  m_RootOrder: 2
  m_LocalEulerAnglesHint: {x: 0, y: 0, z: 0}
--- !u!4 &4297170608503900
Transform:
  m_ObjectHideFlags: 1
  m_PrefabParentObject: {fileID: 0}
  m_PrefabInternal: {fileID: 100100000}
  m_GameObject: {fileID: 1964432127197622}
  m_LocalRotation: {x: -0.008733869, y: -0.0017072717, z: -0.004378608, w: 0.9999508}
  m_LocalPosition: {x: -0.07958112, y: -0.26300687, z: -0.21828642}
  m_LocalScale: {x: 0.99999994, y: 0.9999999, z: 0.9999999}
  m_Children:
  - {fileID: 4853654310781296}
  - {fileID: 4587206435487148}
  - {fileID: 4598278684177830}
  m_Father: {fileID: 4399936594330116}
  m_RootOrder: 5
  m_LocalEulerAnglesHint: {x: -1.001686, y: -0.19127664, z: -0.5001009}
--- !u!4 &4298856560171172
Transform:
  m_ObjectHideFlags: 1
  m_PrefabParentObject: {fileID: 0}
  m_PrefabInternal: {fileID: 100100000}
  m_GameObject: {fileID: 1848185962221406}
  m_LocalRotation: {x: -3.903128e-17, y: -0.0000000055879354, z: -0.000000009778888,
    w: 1}
  m_LocalPosition: {x: -0.07654353, y: 0.00000006055832, z: 0}
  m_LocalScale: {x: 1, y: 1, z: 1}
  m_Children:
  - {fileID: 4111100947479276}
  - {fileID: 4137662517700006}
  - {fileID: 4824213497837132}
  - {fileID: 4973419752728684}
  - {fileID: 4435434437424226}
  m_Father: {fileID: 4735974728930660}
  m_RootOrder: 0
  m_LocalEulerAnglesHint: {x: -7.156249e-15, y: -0.00000021344343, z: -0.0000019209908}
--- !u!4 &4299678942016296
Transform:
  m_ObjectHideFlags: 1
  m_PrefabParentObject: {fileID: 0}
  m_PrefabInternal: {fileID: 100100000}
  m_GameObject: {fileID: 1792745290520690}
  m_LocalRotation: {x: -0.008717834, y: -0.0016903512, z: -0.0043774787, w: 0.999951}
  m_LocalPosition: {x: -0.153, y: -0.077, z: 0.431}
  m_LocalScale: {x: 1.2547706, y: 1.254771, z: 1.254771}
  m_Children: []
  m_Father: {fileID: 4399936594330116}
  m_RootOrder: 0
  m_LocalEulerAnglesHint: {x: 0, y: 0, z: 0}
--- !u!4 &4332065029209010
Transform:
  m_ObjectHideFlags: 1
  m_PrefabParentObject: {fileID: 0}
  m_PrefabInternal: {fileID: 100100000}
  m_GameObject: {fileID: 1174860101996042}
  m_LocalRotation: {x: 0, y: -0, z: -0, w: 1}
  m_LocalPosition: {x: -0.00000008478165, y: 0.100072704, z: 0.091574885}
  m_LocalScale: {x: 0.99999994, y: 0.99999994, z: 1}
  m_Children: []
  m_Father: {fileID: 4453012353938386}
  m_RootOrder: 0
  m_LocalEulerAnglesHint: {x: 0, y: 0, z: 0}
--- !u!4 &4340247377600216
Transform:
  m_ObjectHideFlags: 1
  m_PrefabParentObject: {fileID: 0}
  m_PrefabInternal: {fileID: 100100000}
  m_GameObject: {fileID: 1703692426774932}
  m_LocalRotation: {x: -0, y: -0, z: 1.1641532e-10, w: 1}
  m_LocalPosition: {x: -0.166, y: -0.102, z: 0.405}
  m_LocalScale: {x: 1, y: 1, z: 1}
  m_Children:
  - {fileID: 4377946362961690}
  m_Father: {fileID: 4399936594330116}
  m_RootOrder: 2
  m_LocalEulerAnglesHint: {x: 0, y: 0, z: 0}
--- !u!4 &4342914512718796
Transform:
  m_ObjectHideFlags: 1
  m_PrefabParentObject: {fileID: 0}
  m_PrefabInternal: {fileID: 100100000}
  m_GameObject: {fileID: 1292706696067160}
  m_LocalRotation: {x: -0.6561345, y: -0.05069859, z: -0.056781694, w: 0.75079495}
  m_LocalPosition: {x: 0.011472846, y: 0.030834273, z: -0.0014737835}
  m_LocalScale: {x: 1.0000001, y: 1, z: 1}
  m_Children:
  - {fileID: 4852163922679474}
  m_Father: {fileID: 4636431258749208}
  m_RootOrder: 1
  m_LocalEulerAnglesHint: {x: -82.30823, y: -0.6916356, z: -8.045448}
--- !u!4 &4345815086535698
Transform:
  m_ObjectHideFlags: 1
  m_PrefabParentObject: {fileID: 0}
  m_PrefabInternal: {fileID: 100100000}
  m_GameObject: {fileID: 1654944487961766}
  m_LocalRotation: {x: 0, y: -0, z: -0, w: 1}
  m_LocalPosition: {x: -0.21700838, y: 0, z: -0.000000024223327}
  m_LocalScale: {x: 0.99999994, y: 0.9999999, z: 1}
  m_Children:
  - {fileID: 4930525061620226}
  m_Father: {fileID: 4693979758292810}
  m_RootOrder: 0
  m_LocalEulerAnglesHint: {x: 0.0000017075472, y: -0.0000008537736, z: 0}
--- !u!4 &4362367178692978
Transform:
  m_ObjectHideFlags: 1
  m_PrefabParentObject: {fileID: 0}
  m_PrefabInternal: {fileID: 100100000}
  m_GameObject: {fileID: 1584707919337698}
  m_LocalRotation: {x: 0.007463526, y: -0.016201623, z: 0.41833675, w: 0.9081168}
  m_LocalPosition: {x: -0.025304051, y: 0, z: -0.000000012111664}
  m_LocalScale: {x: 1, y: 1, z: 1.0000001}
  m_Children:
  - {fileID: 4164436843525120}
  m_Father: {fileID: 4746479612166778}
  m_RootOrder: 0
  m_LocalEulerAnglesHint: {x: 1.553533, y: -1.3288039, z: 49.449627}
--- !u!4 &4367030613138610
Transform:
  m_ObjectHideFlags: 1
  m_PrefabParentObject: {fileID: 0}
  m_PrefabInternal: {fileID: 100100000}
  m_GameObject: {fileID: 1281039663964660}
  m_LocalRotation: {x: 0.00025722646, y: -0.0020212012, z: 0.12624295, w: 0.9919973}
  m_LocalPosition: {x: -0.03203506, y: 0, z: 0}
  m_LocalScale: {x: 1.0000001, y: 1.0000001, z: 1.0000002}
  m_Children:
  - {fileID: 4181993984678994}
  m_Father: {fileID: 4500791546996404}
  m_RootOrder: 0
  m_LocalEulerAnglesHint: {x: 0.05847989, y: -0.22603863, z: 14.504995}
--- !u!4 &4367542318027224
Transform:
  m_ObjectHideFlags: 1
  m_PrefabParentObject: {fileID: 0}
  m_PrefabInternal: {fileID: 100100000}
  m_GameObject: {fileID: 1785456295487820}
  m_LocalRotation: {x: -0.7071068, y: 0, z: -0, w: 0.7071068}
  m_LocalPosition: {x: -0, y: 0, z: 0}
  m_LocalScale: {x: 1, y: 1, z: 1}
  m_Children: []
  m_Father: {fileID: 4399936594330116}
  m_RootOrder: 1
  m_LocalEulerAnglesHint: {x: 0, y: 0, z: 0}
--- !u!4 &4377946362961690
Transform:
  m_ObjectHideFlags: 1
  m_PrefabParentObject: {fileID: 0}
  m_PrefabInternal: {fileID: 100100000}
  m_GameObject: {fileID: 1062850978655848}
  m_LocalRotation: {x: 0.017770752, y: -0.9998059, z: -0.0032956216, w: -0.007838223}
  m_LocalPosition: {x: 0, y: 0, z: 0}
  m_LocalScale: {x: 0.9999992, y: 1, z: 0.9999992}
  m_Children: []
  m_Father: {fileID: 4340247377600216}
  m_RootOrder: 0
  m_LocalEulerAnglesHint: {x: 0, y: 0, z: 0}
--- !u!4 &4399936594330116
Transform:
  m_ObjectHideFlags: 1
  m_PrefabParentObject: {fileID: 0}
  m_PrefabInternal: {fileID: 100100000}
  m_GameObject: {fileID: 1435822802973742}
  m_LocalRotation: {x: -0, y: -0, z: -0, w: 1}
  m_LocalPosition: {x: 0, y: 0, z: 0}
  m_LocalScale: {x: 1, y: 1, z: 1}
  m_Children:
  - {fileID: 4299678942016296}
  - {fileID: 4367542318027224}
  - {fileID: 4340247377600216}
  - {fileID: 4422479320165088}
  - {fileID: 4670000932363616}
  - {fileID: 4297170608503900}
  - {fileID: 4814872886578096}
  - {fileID: 4453012353938386}
  m_Father: {fileID: 0}
  m_RootOrder: 0
  m_LocalEulerAnglesHint: {x: 0, y: 0, z: 0}
--- !u!4 &4420044766494920
Transform:
  m_ObjectHideFlags: 1
  m_PrefabParentObject: {fileID: 0}
  m_PrefabInternal: {fileID: 100100000}
  m_GameObject: {fileID: 1365356654853898}
  m_LocalRotation: {x: -0.0070773764, y: -0.022916798, z: 0.2616771, w: 0.96485746}
  m_LocalPosition: {x: -0.02534838, y: -0.0009922117, z: -0.002282116}
  m_LocalScale: {x: 1.0000001, y: 0.99999994, z: 1}
  m_Children: []
  m_Father: {fileID: 4574127769601376}
  m_RootOrder: 0
  m_LocalEulerAnglesHint: {x: -0.09532397, y: -2.7470627, z: 30.350418}
--- !u!4 &4422479320165088
Transform:
  m_ObjectHideFlags: 1
  m_PrefabParentObject: {fileID: 0}
  m_PrefabInternal: {fileID: 100100000}
  m_GameObject: {fileID: 1024961431348996}
  m_LocalRotation: {x: -0.7071068, y: 0, z: -0, w: 0.7071068}
  m_LocalPosition: {x: -0, y: 0, z: 0}
  m_LocalScale: {x: 1, y: 1, z: 1}
  m_Children: []
  m_Father: {fileID: 4399936594330116}
  m_RootOrder: 3
  m_LocalEulerAnglesHint: {x: 0, y: 0, z: 0}
--- !u!4 &4435434437424226
Transform:
  m_ObjectHideFlags: 1
  m_PrefabParentObject: {fileID: 0}
  m_PrefabInternal: {fileID: 100100000}
  m_GameObject: {fileID: 1157334417684740}
  m_LocalRotation: {x: 0.7083828, y: -0.10466985, z: 0.0845371, w: 0.6928865}
  m_LocalPosition: {x: 0.0121869985, y: -0.03026918, z: -0.0015706163}
  m_LocalScale: {x: 0.99999994, y: 1, z: 1}
  m_Children:
  - {fileID: 4746479612166778}
  m_Father: {fileID: 4298856560171172}
  m_RootOrder: 4
  m_LocalEulerAnglesHint: {x: 87.94119, y: -135.27548, z: -119.89571}
--- !u!4 &4453012353938386
Transform:
  m_ObjectHideFlags: 1
  m_PrefabParentObject: {fileID: 0}
  m_PrefabInternal: {fileID: 100100000}
  m_GameObject: {fileID: 1328311998901200}
  m_LocalRotation: {x: -0.008717834, y: -0.0016903512, z: -0.0043774787, w: 0.999951}
  m_LocalPosition: {x: -0.15417856, y: -0.20644619, z: 0.2711856}
  m_LocalScale: {x: 0.99999994, y: 0.99999994, z: 0.99999994}
  m_Children:
  - {fileID: 4332065029209010}
  - {fileID: 4835955403022346}
  - {fileID: 4266499178006342}
  - {fileID: 4471532113950640}
  m_Father: {fileID: 4399936594330116}
  m_RootOrder: 7
  m_LocalEulerAnglesHint: {x: -0.9998397, y: -0.1893466, z: -0.49999127}
--- !u!4 &4471532113950640
Transform:
  m_ObjectHideFlags: 1
  m_PrefabParentObject: {fileID: 0}
  m_PrefabInternal: {fileID: 100100000}
  m_GameObject: {fileID: 1471603090599566}
  m_LocalRotation: {x: 0, y: -0, z: -0, w: 1}
  m_LocalPosition: {x: -0.000000048446655, y: 0.06758697, z: 0.03006827}
  m_LocalScale: {x: 0.99999994, y: 0.99999994, z: 1}
  m_Children: []
  m_Father: {fileID: 4453012353938386}
  m_RootOrder: 3
  m_LocalEulerAnglesHint: {x: 12.499417, y: -0.00000000728387, z: 5.0902647e-17}
--- !u!4 &4492596408542354
Transform:
  m_ObjectHideFlags: 1
  m_PrefabParentObject: {fileID: 0}
  m_PrefabInternal: {fileID: 100100000}
  m_GameObject: {fileID: 1884154976203220}
  m_LocalRotation: {x: 0.000000014361304, y: -0.0000000068558164, z: 0.22068876, w: 0.9753443}
  m_LocalPosition: {x: -0.019112641, y: -0.000000024223327, z: 0}
  m_LocalScale: {x: 0.9999999, y: 1, z: 0.9999999}
  m_Children: []
  m_Father: {fileID: 4658768163020514}
  m_RootOrder: 0
  m_LocalEulerAnglesHint: {x: 0, y: 0, z: 25.49898}
--- !u!4 &4493318643464158
Transform:
  m_ObjectHideFlags: 1
  m_PrefabParentObject: {fileID: 0}
  m_PrefabInternal: {fileID: 100100000}
  m_GameObject: {fileID: 1062753923217070}
  m_LocalRotation: {x: 0.0000000037252903, y: -0.0000000037252903, z: 1.6199271e-25,
    w: 1}
  m_LocalPosition: {x: -0, y: 0, z: 0}
  m_LocalScale: {x: 1, y: 0.99999994, z: 1}
  m_Children: []
  m_Father: {fileID: 4878504763780350}
  m_RootOrder: 0
  m_LocalEulerAnglesHint: {x: 0.0000006403302, y: 0, z: 0}
--- !u!4 &4500791546996404
Transform:
  m_ObjectHideFlags: 1
  m_PrefabParentObject: {fileID: 0}
  m_PrefabInternal: {fileID: 100100000}
  m_GameObject: {fileID: 1348126403080112}
  m_LocalRotation: {x: -0.008991415, y: 0.0094508575, z: 0.68916553, w: 0.72448653}
  m_LocalPosition: {x: -0, y: 0, z: 0}
  m_LocalScale: {x: 1.0000001, y: 0.99999994, z: 1}
  m_Children:
  - {fileID: 4367030613138610}
  m_Father: {fileID: 4824213497837132}
  m_RootOrder: 0
  m_LocalEulerAnglesHint: {x: -1.4929949, y: 0.07456094, z: 87.136475}
--- !u!4 &4554757162240190
Transform:
  m_ObjectHideFlags: 1
  m_PrefabParentObject: {fileID: 0}
  m_PrefabInternal: {fileID: 100100000}
  m_GameObject: {fileID: 1176439350240376}
  m_LocalRotation: {x: 0, y: 0, z: 0, w: 1}
  m_LocalPosition: {x: 0, y: 0, z: 0}
  m_LocalScale: {x: 1, y: 1, z: 1}
  m_Children: []
  m_Father: {fileID: 4814872886578096}
  m_RootOrder: 0
  m_LocalEulerAnglesHint: {x: 0, y: 0, z: 0}
--- !u!4 &4570319075258508
Transform:
  m_ObjectHideFlags: 1
  m_PrefabParentObject: {fileID: 0}
  m_PrefabInternal: {fileID: 100100000}
  m_GameObject: {fileID: 1192742030550906}
  m_LocalRotation: {x: 0.00007409245, y: 0.00090893614, z: -0.08124433, w: 0.99669385}
  m_LocalPosition: {x: -0, y: 0, z: 0}
  m_LocalScale: {x: 1, y: 1, z: 0.99999994}
  m_Children:
  - {fileID: 4673567723880740}
  m_Father: {fileID: 4171649944019648}
  m_RootOrder: 0
  m_LocalEulerAnglesHint: {x: 0.016924417, y: 0.1031223, z: -9.320174}
--- !u!4 &4574127769601376
Transform:
  m_ObjectHideFlags: 1
  m_PrefabParentObject: {fileID: 0}
  m_PrefabInternal: {fileID: 100100000}
  m_GameObject: {fileID: 1837912744097434}
  m_LocalRotation: {x: 0.0000000101180895, y: 0.0000000018368087, z: 0.17861773, w: 0.98391855}
  m_LocalPosition: {x: -0.047935143, y: 0, z: 0}
  m_LocalScale: {x: 0.99999994, y: 1, z: 1}
  m_Children:
  - {fileID: 4420044766494920}
  m_Father: {fileID: 4099036186681738}
  m_RootOrder: 0
  m_LocalEulerAnglesHint: {x: 0.000001103206, y: 0.00000041419577, z: 20.578512}
--- !u!4 &4587206435487148
Transform:
  m_ObjectHideFlags: 1
  m_PrefabParentObject: {fileID: 0}
  m_PrefabInternal: {fileID: 100100000}
  m_GameObject: {fileID: 1776225599290496}
  m_LocalRotation: {x: 0.111932926, y: 0.8796177, z: 0.38527468, w: -0.25555268}
  m_LocalPosition: {x: -0.17357427, y: 0.033079084, z: 0.16945523}
  m_LocalScale: {x: 1.0000001, y: 0.99999994, z: 1.0000001}
  m_Children: []
  m_Father: {fileID: 4297170608503900}
  m_RootOrder: 1
  m_LocalEulerAnglesHint: {x: -47.30707, y: -147.59999, z: 0.000033996374}
--- !u!4 &4597420350373864
Transform:
  m_ObjectHideFlags: 1
  m_PrefabParentObject: {fileID: 0}
  m_PrefabInternal: {fileID: 100100000}
  m_GameObject: {fileID: 1932270233278330}
  m_LocalRotation: {x: -6.9388922e-18, y: -0.0000000018626449, z: -0.0000000037252899,
    w: 1}
  m_LocalPosition: {x: -0.21750744, y: -0.000000012111664, z: 0}
  m_LocalScale: {x: 1.0000001, y: 1.0000001, z: 1.0000001}
  m_Children:
  - {fileID: 4992439449234280}
  m_Father: {fileID: 4853654310781296}
  m_RootOrder: 0
  m_LocalEulerAnglesHint: {x: -1.5902768e-15, y: -0.00000021344337, z: -0.00000042688674}
--- !u!4 &4598278684177830
Transform:
  m_ObjectHideFlags: 1
  m_PrefabParentObject: {fileID: 0}
  m_PrefabInternal: {fileID: 100100000}
  m_GameObject: {fileID: 1284652769425426}
  m_LocalRotation: {x: 0.111932926, y: 0.8796177, z: 0.38527468, w: -0.25555268}
  m_LocalPosition: {x: 0.118216254, y: -0.03594807, z: 0.17531583}
  m_LocalScale: {x: 1.0000001, y: 0.99999994, z: 1.0000001}
  m_Children:
  - {fileID: 4693979758292810}
  m_Father: {fileID: 4297170608503900}
  m_RootOrder: 2
  m_LocalEulerAnglesHint: {x: -47.30707, y: -147.59999, z: 0.000033996374}
--- !u!4 &4600131807207440
Transform:
  m_ObjectHideFlags: 1
  m_PrefabParentObject: {fileID: 0}
  m_PrefabInternal: {fileID: 100100000}
  m_GameObject: {fileID: 1985862674132350}
  m_LocalRotation: {x: 0.035273224, y: 0.08038906, z: -0.40025222, w: 0.91219056}
  m_LocalPosition: {x: -0, y: 0, z: 0}
  m_LocalScale: {x: 1.0000001, y: 1.0000002, z: 1.0000001}
  m_Children:
  - {fileID: 4807420751298266}
  m_Father: {fileID: 4967730865188136}
  m_RootOrder: 0
  m_LocalEulerAnglesHint: {x: 7.3946843, y: 6.858461, z: -46.938213}
--- !u!4 &4617652038036882
Transform:
  m_ObjectHideFlags: 1
  m_PrefabParentObject: {fileID: 0}
  m_PrefabInternal: {fileID: 100100000}
  m_GameObject: {fileID: 1757780093611826}
  m_LocalRotation: {x: 0.9946518, y: 0.03422157, z: 0.090194464, w: -0.036901414}
  m_LocalPosition: {x: 0.06749646, y: -0.009285153, z: -0.008249}
  m_LocalScale: {x: 1, y: 1, z: 1}
  m_Children:
  - {fileID: 4099036186681738}
  m_Father: {fileID: 4636431258749208}
  m_RootOrder: 0
  m_LocalEulerAnglesHint: {x: -4.5645, y: 169.77808, z: 176.46742}
--- !u!4 &4636431258749208
Transform:
  m_ObjectHideFlags: 1
  m_PrefabParentObject: {fileID: 0}
  m_PrefabInternal: {fileID: 100100000}
  m_GameObject: {fileID: 1789960906732644}
  m_LocalRotation: {x: 9.313226e-10, y: -0.000000007014023, z: 6.5323185e-18, w: 1}
  m_LocalPosition: {x: -0.07687544, y: 0.000000012111664, z: -0.000000012111664}
  m_LocalScale: {x: 1.0000001, y: 1, z: 1}
  m_Children:
  - {fileID: 4617652038036882}
  - {fileID: 4342914512718796}
  - {fileID: 4245982283874930}
  - {fileID: 4967730865188136}
  - {fileID: 4171649944019648}
  m_Father: {fileID: 4164044969507032}
  m_RootOrder: 0
  m_LocalEulerAnglesHint: {x: 0.0000001067217, y: -0.0000008037478, z: 4.7393955e-23}
--- !u!4 &4656695953823722
Transform:
  m_ObjectHideFlags: 1
  m_PrefabParentObject: {fileID: 0}
  m_PrefabInternal: {fileID: 100100000}
  m_GameObject: {fileID: 1920197074115618}
  m_LocalRotation: {x: -0.0009859162, y: 0.00094066106, z: 0.22509912, w: 0.97433496}
  m_LocalPosition: {x: -0.01884536, y: 0, z: 0.000000024223327}
  m_LocalScale: {x: 1, y: 1.0000001, z: 1}
  m_Children: []
  m_Father: {fileID: 4266251602066938}
  m_RootOrder: 0
  m_LocalEulerAnglesHint: {x: -0.13436659, y: 0.079582475, z: 26.017315}
--- !u!4 &4658768163020514
Transform:
  m_ObjectHideFlags: 1
  m_PrefabParentObject: {fileID: 0}
  m_PrefabInternal: {fileID: 100100000}
  m_GameObject: {fileID: 1311731396181698}
  m_LocalRotation: {x: 0.00000001635051, y: -0.000000002055256, z: 0.22068132, w: 0.97534597}
  m_LocalPosition: {x: -0.032841492, y: 0, z: -0.000000012111664}
  m_LocalScale: {x: 1.0000001, y: 1.0000001, z: 1.0000001}
  m_Children:
  - {fileID: 4492596408542354}
  m_Father: {fileID: 4799054938592348}
  m_RootOrder: 0
  m_LocalEulerAnglesHint: {x: 0, y: 0, z: 25.498106}
--- !u!4 &4670000932363616
Transform:
  m_ObjectHideFlags: 1
  m_PrefabParentObject: {fileID: 0}
  m_PrefabInternal: {fileID: 100100000}
  m_GameObject: {fileID: 1657256851493796}
  m_LocalRotation: {x: -0.00000013315805, y: 0, z: -0, w: 1}
  m_LocalPosition: {x: -0, y: 0, z: 0}
  m_LocalScale: {x: 0.99999994, y: 0.99999994, z: 0.99999994}
  m_Children: []
  m_Father: {fileID: 4399936594330116}
  m_RootOrder: 4
  m_LocalEulerAnglesHint: {x: -0.000015258788, y: 0, z: 0}
--- !u!4 &4673567723880740
Transform:
  m_ObjectHideFlags: 1
  m_PrefabParentObject: {fileID: 0}
  m_PrefabInternal: {fileID: 100100000}
  m_GameObject: {fileID: 1969714593298832}
  m_LocalRotation: {x: 0.0008212597, y: 0.0046845144, z: -0.17361628, w: 0.98480195}
  m_LocalPosition: {x: -0.032536726, y: 0, z: 0}
  m_LocalScale: {x: 1, y: 0.9999999, z: 1}
  m_Children:
  - {fileID: 4765835148050804}
  m_Father: {fileID: 4570319075258508}
  m_RootOrder: 0
  m_LocalEulerAnglesHint: {x: 1.5035616, y: 1.1981045, z: -51.458794}
--- !u!4 &4693286366995606
Transform:
  m_ObjectHideFlags: 1
  m_PrefabParentObject: {fileID: 0}
  m_PrefabInternal: {fileID: 100100000}
  m_GameObject: {fileID: 1444604091854100}
  m_LocalRotation: {x: -0.58659023, y: 0.61976796, z: -0.3963952, w: -0.33863032}
  m_LocalPosition: {x: -0.21750744, y: -0.000000012111664, z: 0}
  m_LocalScale: {x: 1.0000001, y: 1, z: 1.0000001}
  m_Children:
  - {fileID: 4759342002463184}
  m_Father: {fileID: 4853654310781296}
  m_RootOrder: 2
  m_LocalEulerAnglesHint: {x: 62.7004, y: 174.33183, z: -90.30411}
--- !u!4 &4693979758292810
Transform:
  m_ObjectHideFlags: 1
  m_PrefabParentObject: {fileID: 0}
  m_PrefabInternal: {fileID: 100100000}
  m_GameObject: {fileID: 1174410769493418}
  m_LocalRotation: {x: -0.08327768, y: 0.70293415, z: -0.65502584, w: 0.2643663}
  m_LocalPosition: {x: 0.21729572, y: 0.23336966, z: -0.18991052}
  m_LocalScale: {x: 1.0000001, y: 0.99999994, z: 1}
  m_Children:
  - {fileID: 4345815086535698}
  - {fileID: 4878504763780350}
  m_Father: {fileID: 4598278684177830}
  m_RootOrder: 0
  m_LocalEulerAnglesHint: {x: 61.26451, y: 90.25065, z: -74.55778}
--- !u!4 &4735974728930660
Transform:
  m_ObjectHideFlags: 1
  m_PrefabParentObject: {fileID: 0}
  m_PrefabInternal: {fileID: 100100000}
  m_GameObject: {fileID: 1486093941599142}
  m_LocalRotation: {x: -0.10481753, y: 0.31915426, z: 0.09577309, w: 0.9370066}
  m_LocalPosition: {x: -0, y: 0, z: 0}
  m_LocalScale: {x: 1, y: 1, z: 1.0000001}
  m_Children:
  - {fileID: 4298856560171172}
  m_Father: {fileID: 4930525061620226}
  m_RootOrder: 0
  m_LocalEulerAnglesHint: {x: -14.925462, y: 36.741394, z: 6.6904263}
--- !u!4 &4746479612166778
Transform:
  m_ObjectHideFlags: 1
  m_PrefabParentObject: {fileID: 0}
  m_PrefabInternal: {fileID: 100100000}
  m_GameObject: {fileID: 1310917271968824}
  m_LocalRotation: {x: 0.04362621, y: -0.05582109, z: 0.6141761, w: 0.7859825}
  m_LocalPosition: {x: -0, y: 0, z: 0}
  m_LocalScale: {x: 1, y: 0.99999994, z: 1}
  m_Children:
  - {fileID: 4362367178692978}
  m_Father: {fileID: 4435434437424226}
  m_RootOrder: 0
  m_LocalEulerAnglesHint: {x: 7.882779, y: -1.9763125, z: 75.8728}
--- !u!4 &4759342002463184
Transform:
  m_ObjectHideFlags: 1
  m_PrefabParentObject: {fileID: 0}
  m_PrefabInternal: {fileID: 100100000}
  m_GameObject: {fileID: 1356078255055534}
  m_LocalRotation: {x: 0.000000001899234, y: -0.097715855, z: -6.454428e-10, w: 0.9952144}
  m_LocalPosition: {x: -0, y: 0, z: 0}
  m_LocalScale: {x: 0.99999994, y: 1, z: 0.9999999}
  m_Children: []
  m_Father: {fileID: 4693286366995606}
  m_RootOrder: 0
  m_LocalEulerAnglesHint: {x: 0.00000020936739, y: -11.215307, z: -0.000000094874835}
--- !u!4 &4763157443302906
Transform:
  m_ObjectHideFlags: 1
  m_PrefabParentObject: {fileID: 0}
  m_PrefabInternal: {fileID: 100100000}
  m_GameObject: {fileID: 1349887837850436}
  m_LocalRotation: {x: -0.008464532, y: -0.00074658706, z: -0.24510388, w: 0.9694596}
  m_LocalPosition: {x: -0.05025323, y: 0, z: 0.000000024223327}
  m_LocalScale: {x: 0.99999994, y: 1, z: 0.9999998}
  m_Children:
  - {fileID: 4908793288227682}
  m_Father: {fileID: 4932113489426456}
  m_RootOrder: 0
  m_LocalEulerAnglesHint: {x: -0.9613554, y: 0.15482391, z: -28.378286}
--- !u!4 &4765835148050804
Transform:
  m_ObjectHideFlags: 1
  m_PrefabParentObject: {fileID: 0}
  m_PrefabInternal: {fileID: 100100000}
  m_GameObject: {fileID: 1034059835935568}
  m_LocalRotation: {x: -0.0007077714, y: 0.0073010544, z: -0.29219648, w: 0.9563302}
  m_LocalPosition: {x: -0.019034062, y: 0, z: 0.000000012111664}
  m_LocalScale: {x: 1, y: 1, z: 1}
  m_Children: []
  m_Father: {fileID: 4673567723880740}
  m_RootOrder: 0
  m_LocalEulerAnglesHint: {x: 1.1038736, y: 2.0844836, z: -66.92806}
--- !u!4 &4799054938592348
Transform:
  m_ObjectHideFlags: 1
  m_PrefabParentObject: {fileID: 0}
  m_PrefabInternal: {fileID: 100100000}
  m_GameObject: {fileID: 1101252908855284}
  m_LocalRotation: {x: 0.000002170818, y: 0.000004728702, z: 0.57463205, w: 0.8184119}
  m_LocalPosition: {x: -0, y: 0, z: 0}
  m_LocalScale: {x: 1.0000001, y: 1, z: 1}
  m_Children:
  - {fileID: 4658768163020514}
  m_Father: {fileID: 4137662517700006}
  m_RootOrder: 0
  m_LocalEulerAnglesHint: {x: -0.0000819133, y: 0.0005776342, z: 70.147736}
--- !u!4 &4800336326914282
Transform:
  m_ObjectHideFlags: 1
  m_PrefabParentObject: {fileID: 0}
  m_PrefabInternal: {fileID: 100100000}
  m_GameObject: {fileID: 1886554204531140}
  m_LocalRotation: {x: 0.0000029505272, y: -0.000002705207, z: -0.6755711, w: 0.73729485}
  m_LocalPosition: {x: -0.023688912, y: -0.000000048446655, z: 0.000000012111664}
  m_LocalScale: {x: 1.0000001, y: 1.0000002, z: 1.0000001}
  m_Children: []
  m_Father: {fileID: 4807420751298266}
  m_RootOrder: 0
  m_LocalEulerAnglesHint: {x: 0.000039860555, y: -0.00045697117, z: -84.997025}
--- !u!4 &4807420751298266
Transform:
  m_ObjectHideFlags: 1
  m_PrefabParentObject: {fileID: 0}
  m_PrefabInternal: {fileID: 100100000}
  m_GameObject: {fileID: 1332885705181432}
  m_LocalRotation: {x: -0.044659466, y: -0.064707614, z: -0.566305, w: 0.8204372}
  m_LocalPosition: {x: -0.031764667, y: -0.000000024223327, z: 0}
  m_LocalScale: {x: 0.99999994, y: 1.0000001, z: 1}
  m_Children:
  - {fileID: 4800336326914282}
  m_Father: {fileID: 4600131807207440}
  m_RootOrder: 0
  m_LocalEulerAnglesHint: {x: -8.428149, y: -3.221851, z: -68.993126}
--- !u!4 &4814872886578096
Transform:
  m_ObjectHideFlags: 1
  m_PrefabParentObject: {fileID: 0}
  m_PrefabInternal: {fileID: 100100000}
  m_GameObject: {fileID: 1756450440236176}
  m_LocalRotation: {x: -0.008717834, y: -0.0016903512, z: -0.0043774787, w: 0.999951}
  m_LocalPosition: {x: -0.1549, y: -0.1222, z: 0.7649}
  m_LocalScale: {x: 1.2547709, y: 1.254771, z: 1.254771}
  m_Children:
  - {fileID: 4554757162240190}
  m_Father: {fileID: 4399936594330116}
  m_RootOrder: 6
  m_LocalEulerAnglesHint: {x: 0, y: 0, z: 0}
--- !u!4 &4824213497837132
Transform:
  m_ObjectHideFlags: 1
  m_PrefabParentObject: {fileID: 0}
  m_PrefabInternal: {fileID: 100100000}
  m_GameObject: {fileID: 1324771743563494}
  m_LocalRotation: {x: 0.73720014, y: -0.07181885, z: 0.11609787, w: 0.6617397}
  m_LocalPosition: {x: -0, y: 0, z: 0}
  m_LocalScale: {x: 1, y: 0.99999994, z: 1}
  m_Children:
  - {fileID: 4500791546996404}
  m_Father: {fileID: 4298856560171172}
  m_RootOrder: 2
  m_LocalEulerAnglesHint: {x: 82.90616, y: 141.94562, z: 157.24686}
--- !u!4 &4835955403022346
Transform:
  m_ObjectHideFlags: 1
  m_PrefabParentObject: {fileID: 0}
  m_PrefabInternal: {fileID: 100100000}
  m_GameObject: {fileID: 1228340705815038}
  m_LocalRotation: {x: 0, y: -0, z: -0, w: 1}
  m_LocalPosition: {x: -0.00000010900497, y: 0.068886295, z: 0.10630179}
  m_LocalScale: {x: 0.99999994, y: 0.99999994, z: 1}
  m_Children: []
  m_Father: {fileID: 4453012353938386}
  m_RootOrder: 1
  m_LocalEulerAnglesHint: {x: 0, y: 0, z: 0}
--- !u!4 &4844372476573102
Transform:
  m_ObjectHideFlags: 1
  m_PrefabParentObject: {fileID: 0}
  m_PrefabInternal: {fileID: 100100000}
  m_GameObject: {fileID: 1171835449682932}
  m_LocalRotation: {x: 0.016817164, y: -0.044684164, z: -0.5670395, w: 0.82230574}
  m_LocalPosition: {x: -0.016052848, y: 0.000000024223327, z: 0.000000024223327}
  m_LocalScale: {x: 1, y: 1.0000001, z: 1.0000001}
  m_Children: []
  m_Father: {fileID: 4100445988114528}
  m_RootOrder: 0
  m_LocalEulerAnglesHint: {x: -1.3189323, y: -5.312315, z: -69.116974}
--- !u!4 &4852163922679474
Transform:
  m_ObjectHideFlags: 1
  m_PrefabParentObject: {fileID: 0}
  m_PrefabInternal: {fileID: 100100000}
  m_GameObject: {fileID: 1959957014586878}
  m_LocalRotation: {x: -0.02609741, y: -0.055974837, z: -0.42167047, w: 0.9046435}
  m_LocalPosition: {x: -0, y: 0, z: 0}
  m_LocalScale: {x: 1.0000001, y: 0.99999994, z: 0.9999999}
  m_Children:
  - {fileID: 4100445988114528}
  m_Father: {fileID: 4342914512718796}
  m_RootOrder: 0
  m_LocalEulerAnglesHint: {x: -5.418007, y: -4.566958, z: -49.76421}
--- !u!4 &4853654310781296
Transform:
  m_ObjectHideFlags: 1
  m_PrefabParentObject: {fileID: 0}
  m_PrefabInternal: {fileID: 100100000}
  m_GameObject: {fileID: 1819664738603842}
  m_LocalRotation: {x: -0.25731814, y: 0.7476746, z: 0.18791941, w: 0.58262885}
  m_LocalPosition: {x: -0.118500456, y: 0.033079084, z: 0.20128675}
  m_LocalScale: {x: 1, y: 0.99999994, z: 1.0000001}
  m_Children:
  - {fileID: 4597420350373864}
  - {fileID: 4164044969507032}
  - {fileID: 4693286366995606}
  m_Father: {fileID: 4297170608503900}
  m_RootOrder: 0
  m_LocalEulerAnglesHint: {x: -35.51014, y: 107.91979, z: -11.752801}
--- !u!4 &4878504763780350
Transform:
  m_ObjectHideFlags: 1
  m_PrefabParentObject: {fileID: 0}
  m_PrefabInternal: {fileID: 100100000}
  m_GameObject: {fileID: 1380280840778408}
  m_LocalRotation: {x: -0.64655244, y: 0.72511435, z: 0.15355203, w: 0.18055733}
  m_LocalPosition: {x: -0.21700838, y: 0, z: -0.000000024223327}
  m_LocalScale: {x: 1, y: 0.99999994, z: 0.99999976}
  m_Children:
  - {fileID: 4493318643464158}
  m_Father: {fileID: 4693979758292810}
  m_RootOrder: 1
  m_LocalEulerAnglesHint: {x: -27.139923, y: 175.9216, z: -82.45915}
--- !u!4 &4908793288227682
Transform:
  m_ObjectHideFlags: 1
  m_PrefabParentObject: {fileID: 0}
  m_PrefabInternal: {fileID: 100100000}
  m_GameObject: {fileID: 1183337311588462}
  m_LocalRotation: {x: 0.197777, y: 0.006248879, z: 0.027292939, w: 0.9798471}
  m_LocalPosition: {x: -0.024953758, y: 0.000000003027916, z: -0.000000048446655}
  m_LocalScale: {x: 1.0000001, y: 1.0000001, z: 1}
  m_Children: []
  m_Father: {fileID: 4763157443302906}
  m_RootOrder: 0
  m_LocalEulerAnglesHint: {x: 22.78295, y: 1.4320623, z: 3.479587}
--- !u!4 &4930525061620226
Transform:
  m_ObjectHideFlags: 1
  m_PrefabParentObject: {fileID: 0}
  m_PrefabInternal: {fileID: 100100000}
  m_GameObject: {fileID: 1105325256527764}
  m_LocalRotation: {x: -0.518971, y: -0.029614892, z: 0.011671748, w: 0.85419893}
  m_LocalPosition: {x: -0, y: 0, z: 0}
  m_LocalScale: {x: 0.9999999, y: 1, z: 0.9999999}
  m_Children:
  - {fileID: 4735974728930660}
  m_Father: {fileID: 4345815086535698}
  m_RootOrder: 0
  m_LocalEulerAnglesHint: {x: -62.364666, y: -7.769829, z: 6.272547}
--- !u!4 &4932113489426456
Transform:
  m_ObjectHideFlags: 1
  m_PrefabParentObject: {fileID: 0}
  m_PrefabInternal: {fileID: 100100000}
  m_GameObject: {fileID: 1535775390965102}
  m_LocalRotation: {x: -0.0059319464, y: 0.04016471, z: 0.5121198, w: 0.85795397}
  m_LocalPosition: {x: -0, y: 0, z: 0}
  m_LocalScale: {x: 0.99999994, y: 1, z: 0.99999994}
  m_Children:
  - {fileID: 4763157443302906}
  m_Father: {fileID: 4111100947479276}
  m_RootOrder: 0
  m_LocalEulerAnglesHint: {x: -2.941538, y: 3.6077826, z: 61.57399}
--- !u!4 &4946428386680266
Transform:
  m_ObjectHideFlags: 1
  m_PrefabParentObject: {fileID: 0}
  m_PrefabInternal: {fileID: 100100000}
  m_GameObject: {fileID: 1510522036751782}
  m_LocalRotation: {x: 0.019675262, y: 0.03892746, z: -0.45070848, w: 0.89160496}
  m_LocalPosition: {x: -0, y: 0, z: 0}
  m_LocalScale: {x: 0.9999999, y: 1, z: 1}
  m_Children:
  - {fileID: 4029612923817290}
  m_Father: {fileID: 4245982283874930}
  m_RootOrder: 0
  m_LocalEulerAnglesHint: {x: 4.0240383, y: 2.9697056, z: -53.529064}
--- !u!4 &4967730865188136
Transform:
  m_ObjectHideFlags: 1
  m_PrefabParentObject: {fileID: 0}
  m_PrefabInternal: {fileID: 100100000}
  m_GameObject: {fileID: 1649897047007598}
  m_LocalRotation: {x: -0.7436652, y: -0.0810385, z: -0.03529205, w: 0.6626834}
  m_LocalPosition: {x: -0, y: 0, z: 0}
  m_LocalScale: {x: 1.0000001, y: 0.99999994, z: 1.0000001}
  m_Children:
  - {fileID: 4600131807207440}
  m_Father: {fileID: 4636431258749208}
  m_RootOrder: 3
  m_LocalEulerAnglesHint: {x: -82.45815, y: -155.26662, z: 145.80934}
--- !u!4 &4973419752728684
Transform:
  m_ObjectHideFlags: 1
  m_PrefabParentObject: {fileID: 0}
  m_PrefabInternal: {fileID: 100100000}
  m_GameObject: {fileID: 1487648601134312}
  m_LocalRotation: {x: 0.7437674, y: -0.08109529, z: 0.10516836, w: 0.6551132}
  m_LocalPosition: {x: 0.0027565663, y: -0.015442202, z: -0.0011227755}
  m_LocalScale: {x: 1, y: 1, z: 0.99999994}
  m_Children:
  - {fileID: 4220740966917284}
  m_Father: {fileID: 4298856560171172}
  m_RootOrder: 3
  m_LocalEulerAnglesHint: {x: 82.55115, y: 157.22383, z: 172.3927}
--- !u!4 &4992439449234280
Transform:
  m_ObjectHideFlags: 1
  m_PrefabParentObject: {fileID: 0}
  m_PrefabInternal: {fileID: 100100000}
  m_GameObject: {fileID: 1779572649221388}
  m_LocalRotation: {x: 0.71814185, y: -0.62742823, z: -0.037314747, w: -0.2986867}
  m_LocalPosition: {x: -0, y: 0, z: 0}
  m_LocalScale: {x: 1.0000001, y: 1.0000001, z: 1}
  m_Children: []
  m_Father: {fileID: 4597420350373864}
  m_RootOrder: 0
  m_LocalEulerAnglesHint: {x: -28.412981, y: 158.57968, z: -92.23106}
--- !u!12 &12649752845199580
ParticleAnimator:
  m_ObjectHideFlags: 1
  m_PrefabParentObject: {fileID: 0}
  m_PrefabInternal: {fileID: 100100000}
  m_GameObject: {fileID: 1703692426774932}
  Does Animate Color?: 0
  colorAnimation[0]:
    serializedVersion: 2
    rgba: 184549375
  colorAnimation[1]:
    serializedVersion: 2
    rgba: 3036676095
  colorAnimation[2]:
    serializedVersion: 2
    rgba: 4294967295
  colorAnimation[3]:
    serializedVersion: 2
    rgba: 3036676095
  colorAnimation[4]:
    serializedVersion: 2
    rgba: 184549375
  worldRotationAxis: {x: 0, y: 0, z: 0}
  localRotationAxis: {x: 0, y: 0, z: 0}
  sizeGrow: 0
  rndForce: {x: 2, y: 6, z: 4}
  force: {x: 0, y: -6, z: 0}
  damping: 0.5
  stopSimulation: 0
  autodestruct: 0
--- !u!12 &12929187045135278
ParticleAnimator:
  m_ObjectHideFlags: 1
  m_PrefabParentObject: {fileID: 0}
  m_PrefabInternal: {fileID: 100100000}
  m_GameObject: {fileID: 1062850978655848}
  Does Animate Color?: 0
  colorAnimation[0]:
    serializedVersion: 2
    rgba: 184549375
  colorAnimation[1]:
    serializedVersion: 2
    rgba: 3036676095
  colorAnimation[2]:
    serializedVersion: 2
    rgba: 4294967295
  colorAnimation[3]:
    serializedVersion: 2
    rgba: 3036676095
  colorAnimation[4]:
    serializedVersion: 2
    rgba: 184549375
  worldRotationAxis: {x: 0, y: 0, z: 0}
  localRotationAxis: {x: 0, y: 0, z: 0}
  sizeGrow: 0
  rndForce: {x: 0, y: 0, z: 0}
  force: {x: 0, y: 0.5, z: 0}
  damping: 1
  stopSimulation: 0
  autodestruct: 0
--- !u!15 &15337108803074068
EllipsoidParticleEmitter:
  m_ObjectHideFlags: 1
  m_PrefabParentObject: {fileID: 0}
  m_PrefabInternal: {fileID: 100100000}
  m_GameObject: {fileID: 1062850978655848}
  serializedVersion: 2
  m_Enabled: 1
  m_Emit: 0
  minSize: 0.05
  maxSize: 0.08
  minEnergy: 0.01
  maxEnergy: 0.2
  minEmission: 13
  maxEmission: 20
  worldVelocity: {x: 0, y: 0, z: 0}
  localVelocity: {x: 2, y: 2, z: 0}
  rndVelocity: {x: 1, y: 0.2, z: 0.1}
  emitterVelocityScale: 0.05
  tangentVelocity: {x: 0, y: 0, z: 0}
  angularVelocity: 0
  rndAngularVelocity: 0
  rndRotation: 0
  Simulate in Worldspace?: 1
  m_OneShot: 1
  m_Ellipsoid: {x: 0, y: 0, z: 0}
  m_MinEmitterRange: 0
--- !u!15 &15639786862988666
EllipsoidParticleEmitter:
  m_ObjectHideFlags: 1
  m_PrefabParentObject: {fileID: 0}
  m_PrefabInternal: {fileID: 100100000}
  m_GameObject: {fileID: 1703692426774932}
  serializedVersion: 2
  m_Enabled: 1
  m_Emit: 0
  minSize: 0.07
  maxSize: 0.07
  minEnergy: 0.5
  maxEnergy: 1.2
  minEmission: 1
  maxEmission: 1
  worldVelocity: {x: 0, y: 0, z: 0}
  localVelocity: {x: -2, y: 2.5, z: 0}
  rndVelocity: {x: 0.2, y: 0.2, z: 0.2}
  emitterVelocityScale: 1
  tangentVelocity: {x: 0, y: 0, z: 0}
  angularVelocity: 0
  rndAngularVelocity: 0
  rndRotation: 0
  Simulate in Worldspace?: 1
  m_OneShot: 1
  m_Ellipsoid: {x: 0, y: 0, z: 0}
  m_MinEmitterRange: 0
--- !u!23 &23955381299764280
MeshRenderer:
  m_ObjectHideFlags: 1
  m_PrefabParentObject: {fileID: 0}
  m_PrefabInternal: {fileID: 100100000}
  m_GameObject: {fileID: 1756450440236176}
  m_Enabled: 0
  m_CastShadows: 1
  m_ReceiveShadows: 1
  m_MotionVectors: 1
  m_LightProbeUsage: 1
  m_ReflectionProbeUsage: 1
  m_Materials:
  - {fileID: 2100000, guid: e3d65576cae2fdd4596e517c5c500185, type: 2}
  m_StaticBatchInfo:
    firstSubMesh: 0
    subMeshCount: 0
  m_StaticBatchRoot: {fileID: 0}
  m_ProbeAnchor: {fileID: 0}
  m_LightProbeVolumeOverride: {fileID: 0}
  m_ScaleInLightmap: 1
  m_PreserveUVs: 1
  m_IgnoreNormalsForChartDetection: 0
  m_ImportantGI: 0
  m_SelectedEditorRenderState: 3
  m_MinimumChartSize: 4
  m_AutoUVMaxDistance: 0.5
  m_AutoUVMaxAngle: 89
  m_LightmapParameters: {fileID: 0}
  m_SortingLayerID: 0
  m_SortingLayer: 0
  m_SortingOrder: 0
--- !u!26 &26274151414120932
ParticleRenderer:
  m_ObjectHideFlags: 1
  m_PrefabParentObject: {fileID: 0}
  m_PrefabInternal: {fileID: 100100000}
  m_GameObject: {fileID: 1703692426774932}
  m_Enabled: 1
  m_CastShadows: 0
  m_ReceiveShadows: 0
  m_MotionVectors: 1
  m_LightProbeUsage: 1
  m_ReflectionProbeUsage: 1
  m_Materials:
  - {fileID: 2100000, guid: 5b84011fe877a924ab4dd837cc1427c6, type: 2}
  m_StaticBatchInfo:
    firstSubMesh: 0
    subMeshCount: 0
  m_StaticBatchRoot: {fileID: 0}
  m_ProbeAnchor: {fileID: 0}
  m_LightProbeVolumeOverride: {fileID: 0}
  m_ScaleInLightmap: 1
  m_PreserveUVs: 0
  m_IgnoreNormalsForChartDetection: 0
  m_ImportantGI: 0
  m_SelectedEditorRenderState: 3
  m_MinimumChartSize: 4
  m_AutoUVMaxDistance: 0.5
  m_AutoUVMaxAngle: 89
  m_LightmapParameters: {fileID: 0}
  m_SortingLayerID: 0
  m_SortingLayer: 0
  m_SortingOrder: 0
  serializedVersion: 2
  m_CameraVelocityScale: 0
  m_StretchParticles: 5
  m_LengthScale: 0.1
  m_VelocityScale: 0
  m_MaxParticleSize: 0.25
  UV Animation:
    x Tile: 1
    y Tile: 8
    cycles: 1
--- !u!26 &26369403866786702
ParticleRenderer:
  m_ObjectHideFlags: 1
  m_PrefabParentObject: {fileID: 0}
  m_PrefabInternal: {fileID: 100100000}
  m_GameObject: {fileID: 1062850978655848}
  m_Enabled: 1
  m_CastShadows: 0
  m_ReceiveShadows: 0
  m_MotionVectors: 1
  m_LightProbeUsage: 1
  m_ReflectionProbeUsage: 1
  m_Materials:
  - {fileID: 2100000, guid: b93a2744bb3aeae4daa947bf8e2ce98e, type: 2}
  m_StaticBatchInfo:
    firstSubMesh: 0
    subMeshCount: 0
  m_StaticBatchRoot: {fileID: 0}
  m_ProbeAnchor: {fileID: 0}
  m_LightProbeVolumeOverride: {fileID: 0}
  m_ScaleInLightmap: 1
  m_PreserveUVs: 0
  m_IgnoreNormalsForChartDetection: 0
  m_ImportantGI: 0
  m_SelectedEditorRenderState: 3
  m_MinimumChartSize: 4
  m_AutoUVMaxDistance: 0.5
  m_AutoUVMaxAngle: 89
  m_LightmapParameters: {fileID: 0}
  m_SortingLayerID: 0
  m_SortingLayer: 0
  m_SortingOrder: 0
  serializedVersion: 2
  m_CameraVelocityScale: 0
  m_StretchParticles: 3
  m_LengthScale: 2.0799994
  m_VelocityScale: 0
  m_MaxParticleSize: 0.25
  UV Animation:
    x Tile: 4
    y Tile: 4
    cycles: 1
--- !u!33 &33351427181905998
MeshFilter:
  m_ObjectHideFlags: 1
  m_PrefabParentObject: {fileID: 0}
  m_PrefabInternal: {fileID: 100100000}
  m_GameObject: {fileID: 1756450440236176}
  m_Mesh: {fileID: 10210, guid: 0000000000000000e000000000000000, type: 0}
--- !u!64 &64241753889510152
MeshCollider:
  m_ObjectHideFlags: 1
  m_PrefabParentObject: {fileID: 0}
  m_PrefabInternal: {fileID: 100100000}
  m_GameObject: {fileID: 1756450440236176}
  m_Material: {fileID: 0}
  m_IsTrigger: 0
  m_Enabled: 1
  serializedVersion: 2
  m_Convex: 0
  m_InflateMesh: 0
  m_SkinWidth: 0.01
  m_Mesh: {fileID: 10210, guid: 0000000000000000e000000000000000, type: 0}
--- !u!76 &76123741357540354
WorldParticleCollider:
  m_ObjectHideFlags: 1
  m_PrefabParentObject: {fileID: 0}
  m_PrefabInternal: {fileID: 100100000}
  m_GameObject: {fileID: 1703692426774932}
  m_BounceFactor: 0.5
  m_CollisionEnergyLoss: 0
  m_CollidesWith:
    serializedVersion: 2
    m_Bits: 65540
  m_SendCollisionMessage: 0
  m_MinKillVelocity: 0
--- !u!95 &95038178139038980
Animator:
  serializedVersion: 3
  m_ObjectHideFlags: 1
  m_PrefabParentObject: {fileID: 0}
  m_PrefabInternal: {fileID: 100100000}
  m_GameObject: {fileID: 1435822802973742}
  m_Enabled: 1
  m_Avatar: {fileID: 9000000, guid: 9bdd631240d088d4cb47a20d2b4e7954, type: 3}
  m_Controller: {fileID: 22100000, guid: 1fcd5706611c4f24198cc561c4628f27, type: 2}
  m_CullingMode: 0
  m_UpdateMode: 0
  m_ApplyRootMotion: 0
  m_LinearVelocityBlending: 0
  m_WarningMessage: 
  m_HasTransformHierarchy: 1
  m_AllowConstantClipSamplingOptimization: 1
--- !u!108 &108227441023714004
Light:
  m_ObjectHideFlags: 1
  m_PrefabParentObject: {fileID: 0}
  m_PrefabInternal: {fileID: 100100000}
  m_GameObject: {fileID: 1176439350240376}
  m_Enabled: 0
  serializedVersion: 8
  m_Type: 2
  m_Color: {r: 1, g: 1, b: 1, a: 1}
  m_Intensity: 1
  m_Range: 2.2
  m_SpotAngle: 30
  m_CookieSize: 10
  m_Shadows:
    m_Type: 0
    m_Resolution: -1
    m_CustomResolution: -1
    m_Strength: 1
    m_Bias: 0.05
    m_NormalBias: 0.4
    m_NearPlane: 0.2
  m_Cookie: {fileID: 0}
  m_DrawHalo: 0
  m_Flare: {fileID: 0}
  m_RenderMode: 0
  m_CullingMask:
    serializedVersion: 2
    m_Bits: 8192
  m_Lightmapping: 4
  m_AreaSize: {x: 1, y: 1}
  m_BounceIntensity: 1
  m_ColorTemperature: 6570
  m_UseColorTemperature: 0
  m_ShadowRadius: 0
  m_ShadowAngle: 0
--- !u!114 &114085475256757402
MonoBehaviour:
  m_ObjectHideFlags: 1
  m_PrefabParentObject: {fileID: 0}
  m_PrefabInternal: {fileID: 100100000}
  m_GameObject: {fileID: 1435822802973742}
  m_Enabled: 1
  m_EditorHideFlags: 0
  m_Script: {fileID: 11500000, guid: 93efe68a7dee0364e81c0c1f687133ef, type: 3}
  m_Name: 
  m_EditorClassIdentifier: 
  gunSkinPrefab: {fileID: 0}
  dryFire: {fileID: 0}
  capsules: {fileID: 15639786862988666}
  MuzzleFlashLight: {fileID: 108227441023714004}
  MuzzleFlash: {fileID: 23955381299764280}
  MuzzleFlashMaterials:
  - {fileID: 2100000, guid: ab4f4de38b665a54d9a2a6bc49b9942d, type: 2}
  - {fileID: 2100000, guid: 9d1635bb0a1004649bf5652579fa3014, type: 2}
  - {fileID: 2100000, guid: 50a60cfecc035c74798ce2dc23053bb4, type: 2}
  - {fileID: 2100000, guid: b94bacf315484804082a9762014cb9bc, type: 2}
  - {fileID: 2100000, guid: 0b93b414d7921f3469827aa58e3dfd23, type: 2}
  - {fileID: 2100000, guid: 0c99fd0e11b247c4d90127828ac5d877, type: 2}
  CODgunPivot: {fileID: 4299678942016296}
  animationsSounds: []
  SoundExpl2: {fileID: 0}
  grenadeHit: {fileID: 0}
--- !u!137 &137507524119765232
SkinnedMeshRenderer:
  m_ObjectHideFlags: 1
  m_PrefabParentObject: {fileID: 0}
  m_PrefabInternal: {fileID: 100100000}
  m_GameObject: {fileID: 1785456295487820}
  m_Enabled: 1
  m_CastShadows: 1
  m_ReceiveShadows: 1
  m_MotionVectors: 1
  m_LightProbeUsage: 1
  m_ReflectionProbeUsage: 1
  m_Materials:
  - {fileID: 2100000, guid: a5766aaee77b6604bb69cba32cbd4e51, type: 2}
  m_StaticBatchInfo:
    firstSubMesh: 0
    subMeshCount: 0
  m_StaticBatchRoot: {fileID: 0}
  m_ProbeAnchor: {fileID: 0}
  m_LightProbeVolumeOverride: {fileID: 0}
  m_ScaleInLightmap: 1
  m_PreserveUVs: 0
  m_IgnoreNormalsForChartDetection: 0
  m_ImportantGI: 0
  m_SelectedEditorRenderState: 3
  m_MinimumChartSize: 4
  m_AutoUVMaxDistance: 0.5
  m_AutoUVMaxAngle: 89
  m_LightmapParameters: {fileID: 0}
  m_SortingLayerID: 0
  m_SortingLayer: 0
  m_SortingOrder: 0
  serializedVersion: 2
  m_Quality: 0
  m_UpdateWhenOffscreen: 0
  m_SkinnedMotionVectors: 1
  m_Mesh: {fileID: 4300000, guid: 9bdd631240d088d4cb47a20d2b4e7954, type: 3}
  m_Bones:
  - {fileID: 4036390102773480}
  - {fileID: 4029612923817290}
  - {fileID: 4946428386680266}
  - {fileID: 4852163922679474}
  - {fileID: 4164044969507032}
  - {fileID: 4600131807207440}
  - {fileID: 4100445988114528}
  - {fileID: 4844372476573102}
  - {fileID: 4759342002463184}
  - {fileID: 4853654310781296}
  - {fileID: 4099036186681738}
  - {fileID: 4763157443302906}
  - {fileID: 4932113489426456}
  - {fileID: 4908793288227682}
  - {fileID: 4799054938592348}
  - {fileID: 4658768163020514}
  - {fileID: 4500791546996404}
  - {fileID: 4492596408542354}
  - {fileID: 4735974728930660}
  - {fileID: 4493318643464158}
  - {fileID: 4693979758292810}
  - {fileID: 4220740966917284}
  - {fileID: 4746479612166778}
  - {fileID: 4266251602066938}
  - {fileID: 4362367178692978}
  - {fileID: 4367030613138610}
  - {fileID: 4181993984678994}
  - {fileID: 4656695953823722}
  - {fileID: 4164436843525120}
  - {fileID: 4420044766494920}
  - {fileID: 4574127769601376}
  - {fileID: 4570319075258508}
  - {fileID: 4673567723880740}
  - {fileID: 4765835148050804}
  - {fileID: 4807420751298266}
  - {fileID: 4800336326914282}
  m_BlendShapeWeights: []
  m_RootBone: {fileID: 4693979758292810}
  m_AABB:
    m_Center: {x: -0.09294797, y: -0.10720797, z: -0.06562404}
    m_Extent: {x: 0.28385675, y: 0.3170665, z: 0.34065413}
  m_DirtyAABB: 0
--- !u!137 &137669075009743740
SkinnedMeshRenderer:
  m_ObjectHideFlags: 1
  m_PrefabParentObject: {fileID: 0}
  m_PrefabInternal: {fileID: 100100000}
  m_GameObject: {fileID: 1024961431348996}
  m_Enabled: 1
  m_CastShadows: 1
  m_ReceiveShadows: 1
  m_MotionVectors: 1
  m_LightProbeUsage: 1
  m_ReflectionProbeUsage: 1
  m_Materials:
  - {fileID: 2100000, guid: 733b8faa3333b8a49bf1a2418330bf4d, type: 2}
  m_StaticBatchInfo:
    firstSubMesh: 0
    subMeshCount: 0
  m_StaticBatchRoot: {fileID: 0}
  m_ProbeAnchor: {fileID: 0}
  m_LightProbeVolumeOverride: {fileID: 0}
  m_ScaleInLightmap: 1
  m_PreserveUVs: 0
  m_IgnoreNormalsForChartDetection: 0
  m_ImportantGI: 0
  m_SelectedEditorRenderState: 3
  m_MinimumChartSize: 4
  m_AutoUVMaxDistance: 0.5
  m_AutoUVMaxAngle: 89
  m_LightmapParameters: {fileID: 0}
  m_SortingLayerID: 0
  m_SortingLayer: 0
  m_SortingOrder: 0
  serializedVersion: 2
  m_Quality: 0
  m_UpdateWhenOffscreen: 0
  m_SkinnedMotionVectors: 1
  m_Mesh: {fileID: 4300002, guid: 9bdd631240d088d4cb47a20d2b4e7954, type: 3}
  m_Bones:
  - {fileID: 4453012353938386}
  - {fileID: 4266499178006342}
  - {fileID: 4471532113950640}
  - {fileID: 4835955403022346}
  - {fileID: 4332065029209010}
  m_BlendShapeWeights: []
  m_RootBone: {fileID: 4453012353938386}
  m_AABB:
    m_Center: {x: 0.010072803, y: -0.090539426, z: 0.117630914}
    m_Extent: {x: 0.048351087, y: 0.22119597, z: 0.36844486}
  m_DirtyAABB: 0
