%YAML 1.1
%TAG !u! tag:unity3d.com,2011:
--- !u!1001 &100100000
Prefab:
  m_ObjectHideFlags: 1
  serializedVersion: 2
  m_Modification:
    m_TransformParent: {fileID: 0}
    m_Modifications: []
    m_RemovedComponents: []
  m_ParentPrefab: {fileID: 0}
  m_RootGameObject: {fileID: 1031506059038772}
  m_IsPrefabParent: 1
--- !u!1 &1031506059038772
GameObject:
  m_ObjectHideFlags: 0
  m_PrefabParentObject: {fileID: 0}
  m_PrefabInternal: {fileID: 100100000}
  serializedVersion: 5
  m_Component:
  - component: {fileID: 4158929558862010}
  - component: {fileID: 114436134150547354}
  - component: {fileID: 114679004520954686}
  m_Layer: 9
  m_Name: Knife
  m_TagString: Untagged
  m_Icon: {fileID: 0}
  m_NavMeshLayer: 0
  m_StaticEditorFlags: 0
  m_IsActive: 1
--- !u!4 &4158929558862010
Transform:
  m_ObjectHideFlags: 1
  m_PrefabParentObject: {fileID: 0}
  m_PrefabInternal: {fileID: 100100000}
  m_GameObject: {fileID: 1031506059038772}
  m_LocalRotation: {x: -0, y: -0, z: -0, w: 1}
  m_LocalPosition: {x: 0, y: 0, z: 0}
  m_LocalScale: {x: 1, y: 1, z: 1}
  m_Children: []
  m_Father: {fileID: 0}
  m_RootOrder: 0
  m_LocalEulerAnglesHint: {x: 0, y: 0, z: 0}
--- !u!114 &114436134150547354
MonoBehaviour:
  m_ObjectHideFlags: 1
  m_PrefabParentObject: {fileID: 0}
  m_PrefabInternal: {fileID: 100100000}
  m_GameObject: {fileID: 1031506059038772}
  m_Enabled: 0
  m_EditorHideFlags: 0
  m_Script: {fileID: 11500000, guid: 916e663b09e57d54b8e5033c445a3e0f, type: 3}
  m_Name: 
  m_EditorClassIdentifier: 
  gunName: Knife
  damage:
    currentCryptoKey: 7356838
    hiddenValue: 7356860
    fakeValue: 26
    inited: 1
  defClips:
    currentCryptoKey: 7356838
    hiddenValue: 7356838
    fakeValue: 0
    inited: 1
  maxBullets:
    currentCryptoKey: 7356838
    hiddenValue: 7356856
    fakeValue: 30
    inited: 1
  maxClips:
    currentCryptoKey: 7356838
    hiddenValue: 7356836
    fakeValue: 2
    inited: 1
  speedMultiplier:
    currentCryptoKey: 230887
    hiddenValue:
      b1: 231
      b2: 133
      b3: 131
      b4: 63
    hiddenValueOld: 
    fakeValue: 1
    inited: 1
  reloadTime:
    currentCryptoKey: 230887
    hiddenValue:
      b1: 231
      b2: 133
      b3: 131
      b4: 63
    hiddenValueOld: 
    fakeValue: 1
    inited: 1
  drawTime:
    currentCryptoKey: 230887
    hiddenValue:
      b1: 231
      b2: 133
      b3: 3
      b4: 63
    hiddenValueOld: 
    fakeValue: 0.5
    inited: 1
  sniperWeapon:
    currentCryptoKey: 215
    hiddenValue: 98
    fakeValue: 0
    fakeValueChanged: 1
    inited: 1
  canDrop: 1
  slot:
    name: 
    price:
      currentCryptoKey: 7356838
      hiddenValue: 7356866
      fakeValue: 100
      inited: 1
    weight:
      currentCryptoKey: 230887
      hiddenValue:
        b1: 231
        b2: 133
        b3: 3
        b4: 0
      hiddenValueOld: 
      fakeValue: 0
      inited: 1
    enabled: 1
    buyable: 0
    have: 0
  tpsIdle: {fileID: 0}
  tpsEnquip: {fileID: 0}
  tpsReload: {fileID: 0}
  tpsShoot: {fileID: 0}
  tpsRotationOffset: {x: 27, y: 0, z: 0}
  handsPrefab: {fileID: 0}
  gunNumber:
    currentCryptoKey: 7356838
    hiddenValue: 7356838
    fakeValue: 0
    inited: 1
  id: 0
  pl: {fileID: 0}
  weaponIcon: ak47
  lastMouseButtonDown:
    currentCryptoKey: 230887
    hiddenValue:
      b1: 231
      b2: 133
      b3: 3
      b4: 0
    hiddenValueOld: 
    fakeValue: 0
    inited: 1
  inited: 0
--- !u!114 &114679004520954686
MonoBehaviour:
  m_ObjectHideFlags: 1
  m_PrefabParentObject: {fileID: 0}
  m_PrefabInternal: {fileID: 100100000}
  m_GameObject: {fileID: 1031506059038772}
  m_Enabled: 1
  m_EditorHideFlags: 0
  m_Script: {fileID: 11500000, guid: aa584fbee541324448dd18d8409c7a41, type: 3}
  m_Name: 
  m_EditorClassIdentifier: 
  ownerId: 0
  group: 0
  OwnerShipWasTransfered: 0
  prefixBackup: -1
  synchronization: 0
  onSerializeTransformOption: 3
  onSerializeRigidBodyOption: 2
  ownershipTransfer: 0
  ObservedComponents:
  - {fileID: 0}
  ObservedComponentsFoldoutOpen: 1
  viewIdField: 0
  instantiationId: -1
  currentMasterID: -1
  isRuntimeInstantiated: 0
